1952 3093
423 68 543 108 -373—

63 189 220 235 conversionis
235 194 305 234 potest
323 192 350 229 ad
366 192 546 230 tristificationem
560 191 676 237 pervenire
691 195 711 230 et
727 191 806 229 deinde
822 195 845 228 ut
861 191 892 227 iu·

63 263 106 299 stus
121 262 210 299 habebit
223 263 320 307 gratiam,
336 275 378 308 qua
392 267 464 309 potest
477 264 558 303 evitare
572 267 686 309 peccatum
701 264 791 302 mortale
799 267 824 299 1².

116 334 249 373 retractatu
266 336 291 373 de
307 341 442 375 sacramento
458 337 604 381 poenitentiae
620 337 731 381 probatur,
747 337 830 374 nullum
846 348 892 374 esse

64 409 183 450 peccatum,
199 408 258 451 quod
274 420 300 445 ex
316 411 392 446 natura
408 421 446 446 sua
461 409 489 450 sit
503 409 661 453 irremissibile,
675 412 803 453 potestatem
819 407 892 446 Eccle-

64 477 108 516 siae
124 479 250 517 remittendi
263 484 352 524 peccata
370 491 438 526 neque
453 493 493 525 per
507 482 634 525 gravitatem
650 481 742 519 alicuius
757 481 842 525 peccati
857 492 893 518 ne-

63 562 105 595 que
116 562 156 595 per
167 562 241 589 eorum
253 563 366 589 numerum
378 554 487 597 restringi.
499 553 600 596 Quaestio
613 563 663 598 ergo
675 555 744 591 solum
756 554 810 591 haec
822 556 893 597 potest

65 635 117 669 esse,
128 627 201 661 utrum
214 624 305 663 fortasse
316 625 374 662 Deus
387 626 495 670 aliquibus
508 626 640 670 hominibus,
654 627 688 663 vel
702 627 725 663 in
737 637 830 670 poenam
844 637 893 670 pec-

66 696 115 740 cati,
132 696 167 735 vel
183 696 210 734 ob
228 697 293 734 aliam
311 696 424 743 rationem,
441 709 484 735 non
503 698 546 735 iam
564 698 616 736 velit
634 698 685 736 dare
703 698 794 743 gratiam
812 701 893 736 remote

66 768 213 807 sufficientem
229 770 256 807 ad
273 770 445 813 conversionem,
461 770 490 807 ita
505 773 529 807 ut
544 770 588 807 illis
605 782 630 808 ex
645 770 731 808 defectu
746 770 828 815 gratiae
844 781 894 808 con-

66 841 137 879 versio
151 840 243 885 physice
257 844 278 879 et
290 842 402 879 moraliter
415 842 558 886 impossibilis
572 843 606 881 sit.
621 842 667 880 Hoc
682 843 754 888 quoad
768 846 894 886 peccatores

67 914 88 950 in
103 923 181 958 genere
195 925 207 951 a
219 913 325 958 theologis
339 918 435 959 negatur,
450 918 469 952 et
481 915 544 958 longe
559 914 695 952 communius
710 916 774 952 etiam
789 915 815 952 de
828 915 895 953 obdu-

67 986 120 1024 ratis
127 989 155 1031 13;
173 986 312 1030 excipiuntur
327 986 415 1031 quidam
432 986 568 1031 banneriam,
585 987 622 1031 qui
640 987 718 1025 docent
734 998 777 1024 non
794 987 895 1025 omnibus

68 1058 167 1102 reprobis
175 1062 193 1084 14
208 1058 238 1096 ita
255 1058 302 1096 dari
316 1058 408 1102 gratiam
422 1059 577 1102 sufficientem,
591 1063 614 1096 ut
629 1070 676 1096 eam
692 1070 767 1097 revera
781 1059 895 1103 recipiant.

122 1129 219 1169 Gonur1⁵
236 1131 331 1176 quaerit:
352 1130 403 1168 «An
420 1132 477 1168 Deus
494 1131 529 1168 det
546 1131 647 1169 omnibus
664 1131 764 1176 reprobis
779 1130 851 1169 media
869 1132 896 1169 ad

68 1203 158 1241 salutem
171 1202 338 1241 sufficientia‘l»
351 1203 404 1241 Tres
417 1206 528 1241 enumerat
541 1203 669 1241 sententias:
685 1204 829 1248 prima-quae
843 1203 897 1241 dicit

69 1275 169 1313 omnibus
183 1275 282 1319 reprobis
295 1275 342 1313 dari
356 1286 368 1313 a
379 1275 425 1313 Deo
436 1275 508 1313 media
520 1277 548 1313 ad
560 1276 650 1313 salutem
664 1275 808 1320 sufficientia;
823 1286 897 1314 secun-

70 1348 103 1394 da,
118 1348 171 1385 dicit
184 1347 263 1385 adultis
276 1348 365 1392 quidem
378 1359 403 1385 ea
415 1347 518 1391 conferri,
531 1358 576 1386 non
590 1350 661 1385 autem
675 1348 776 1385 omnibus
790 1348 896 1393 parvulis;

70 1420 168 1463 «Tertia,
183 1430 234 1457 vero
251 1430 295 1458 non
311 1420 412 1457 omnibus
428 1420 535 1463 reprobis,
552 1421 616 1458 etiam
633 1420 719 1464 adultis,
735 1420 807 1475 media
824 1421 851 1458 ad
866 1432 898 1458 sa-

70 1492 136 1530 lutem
153 1491 288 1530 sufficientia
306 1492 409 1535 conferri,
428 1492 590 1536 sedyquosdam
609 1492 693 1530 adultos
713 1495 734 1530 et
752 1493 855 1536 parvulos
874 1493 897 1529 in

70 1575 162 1607 poenam
176 1564 261 1608 peccati
274 1564 378 1608 mortalis,
390 1564 480 1601 actualis
494 1564 527 1600 vel
541 1564 661 1609 originalis,
673 1564 717 1601 illis
730 1565 814 1609 privari
826 1565 899 1602 existi-

71 1640 157 1674 mant...
173 1636 297 1674 Notandum
315 1638 347 1673 est
364 1630 412 1673 curn
429 1636 522 1679 Bannez,
539 1636 634 1679 Alvarcz,
652 1636 732 1681 Zumel,
750 1639 770 1675 et
786 1636 835 1673 aliis
853 1637 899 1674 tho·

71 1705 142 1746 mistis
160 1708 239 1752 citatis,
258 1708 316 1753 quod
333 1708 420 1752 quando
439 1708 556 1752 quaeritur,
575 1719 602 1745 an
619 1709 676 1745 Deus
695 1709 730 1746 det
747 1708 848 1746 omnibus
868 1720 899 1746 re-

71 1780 147 1824 probis
162 1780 235 1817 media
246 1792 288 1817 seu
306 1780 386 1818 auxilia
402 1780 543 1824 sufficientia,
560 1780 650 1817 verbum
666 1780 723 1817 Dare
740 1782 811 1824 potest
828 1781 899 1824 accipi

73 1837 196 1896 dupliciter,
210 1851 283 1889 Primo
298 1855 321 1889 ut
335 1854 368 1889 est
382 1852 534 1890 correlativum
550 1852 577 1889 ad
591 1852 696 1896 recipere,
710 1856 731 1889 et
746 1854 851 1897 quatenus
866 1853 900 1889 de-

73 1927 132 1962 notat
143 1924 285 1961 intrinsecam
297 1923 444 1967 receptionem
457 1926 477 1960 et
490 1923 659 1966 applicationem
672 1923 797 1961 divinorum
810 1924 900 1961 auxilio-

74 2007 127 2034 rum.
144 1996 243 2033 Secundo
259 1996 324 2033 modo
341 1996 438 2040 sumitur,
455 1999 519 2038 prout
536 1996 647 2038 significat
661 1995 719 2033 idem
736 1996 794 2040 quod
811 2006 901 2039 praepa-

122 2132 140 2154 12
152 2127 246 2166 Theologi
259 2126 390 2160 communiter
403 2127 512 2160 concedunt
524 2129 635 2165 peccatores
649 2125 721 2160 habere
735 2127 820 2166 gratiam
834 2128 903 2160 imme-

76 2189 128 2222 diate
144 2188 168 2221 ad
181 2188 313 2227 superandam
327 2187 468 2226 particularem
481 2187 613 2220 tentationem
625 2186 657 2219 vel
672 2188 696 2220 ad
711 2187 835 2226 implendum
848 2198 903 2227 prae·
934 2218 939 2231 ‚

67 2251 160 2289 ceptum,
174 2248 191 2281 si
203 2248 245 2281 eius
259 2247 349 2287 impletio
363 2250 427 2286 urgeu
440 2247 465 2280 et.
479 2257 493 2279 s.
507 2246 634 2286 bellarmino,
647 2246 674 2279 De
688 2248 752 2286 gratia
765 2250 784 2280 et
797 2247 860 2281 libero
874 2259 904 2281 ar-

76 2307 184 2358 bitrioylib.
197 2308 208 2341 2
219 2318 261 2348 cap.
274 2307 293 2347 7;
306 2307 340 2340 sed
352 2310 382 2340 est
395 2307 493 2347 quaedam
504 2306 614 2347 disputatio
627 2308 695 2340 utrum
709 2307 733 2340 ad
744 2307 787 2347 hoc,
801 2309 855 2347 quod
868 2309 904 2341 ali-

77 2369 122 2410 quis
136 2369 170 2402 diu
183 2368 234 2402 liber
246 2370 326 2402 maneat
341 2378 352 2401 a
364 2370 443 2407 peccato
456 2367 543 2407 mortali,
555 2367 669 2407 requiratur
682 2370 747 2401 status
760 2368 836 2408 gratiae
849 2379 904 2402 sane-

77 2429 185 2468 tifieantis;
199 2429 222 2462 de
233 2428 270 2462 hac
281 2438 302 2461 re
312 2428 356 2461 vide
368 2428 463 2461 Mazzella
473 2438 502 2460 nr.
513 2427 557 2466 820;
571 2427 632 2461 Pesch
643 2428 727 2467 nr.17d;
739 2429 812 2462 Beraza
822 2439 852 2462 nr.
864 2430 904 2462 262.

125 2493 143 2516 1³
156 2490 208 2522 Haec
221 2489 311 2522 doctriua
324 2498 365 2521 non
379 2488 427 2521 dicit
440 2498 472 2521 eos
487 2488 508 2520 in
522 2488 606 2527 singulis
621 2489 728 2522 momentis
742 2499 819 2528 semper
832 2488 905 2523 hahere

78 2549 192 2584 huiusmodi
206 2550 300 2588 gratiam
314 2558 362 2581 nam
373 2549 452 2581 videtur
464 2548 543 2581 evidens
555 2550 677 2588 peccatorem
690 2559 730 2582 non
745 2559 822 2589 semper
833 2549 905 2583 habere

78 2609 219 2644 indeliberatas
234 2609 297 2643 bonas
313 2609 442 2648 cogitationes
457 2611 476 2642 et
492 2607 632 2642 inclinationes
648 2609 669 2641 in
684 2608 765 2643 bouum.

126 2675 145 2697 14
157 2670 209 2704 Nota
223 2680 256 2704 cos
272 2669 384 2703 formaliter
397 2669 453 2709 loqui
468 2669 491 2702 de
506 2668 601 2708 reprobis,
615 2679 656 2702 non
670 2669 694 2703 de
707 2669 816 2703 obduratis.

126 2735 144 2757 1⁵
157 2731 242 2771 Clypeus
254 2730 365 2769 theologiae
377 2729 509 2768 thomisticae‚
523 2731 579 2763 tract.
594 2730 604 2762 5
618 2729 668 2769 disp.
682 2731 692 2763 5
707 2732 743 2763 art.
757 2731 773 2763 5.
