1952 3093
386 77 532 116 „2934

33 205 95 243 misit,
110 213 133 237 ex
148 203 227 236 iustitia
241 204 320 235 tenetur
334 203 386 234 stare
400 200 514 240 promissls;
531 200 564 233 sed
578 199 639 233 etiam
653 199 709 239 facit,
723 202 746 232 ut
761 199 795 239 qui
810 208 859 238 opus

33 264 151 303 impleverit,
163 263 259 296 meruisse
272 271 313 295 rem
326 262 446 301 promissam
460 270 542 300 eamque
556 262 579 293 ut
591 260 700 293 mercedem
712 260 755 292 iure
769 269 805 292 suo
819 259 859 292 exl-

34 332 78 363 gere
89 333 147 363 posse
159 324 294 356 dicatursm.

335 542 358 576 De
370 543 409 576 attis
422 542 494 576 obiectis
506 542 561 575 meriti

87 673 157 710 Iustus
172 682 216 710 non
231 675 302 716 potest
318 672 343 709 de
359 671 469 715 condigno
482 671 561 709 mereri
576 671 670 715 primam
685 671 776 714 gratiam
791 669 859 707 effica-

33 756 80 783 cem
93 747 143 788 post
156 744 338 782 iustificationem.
351 743 406 781 Nam
419 744 448 781 ad
461 744 525 782 talem
539 746 610 781 actum
624 743 760 780 meritorium
772 742 816 780 iarn
829 726 860 779 ress

34 817 128 862 quiritur
144 816 213 860 gratia
232 816 313 854 efficax.
333 815 375 853 Sed
394 826 463 860 neque
481 816 504 852 in
523 815 674 859 suppositione
693 815 757 852 huius
776 816 860 858 primae

34 890 115 933 gratiae
127 889 220 926 efficacis
233 891 346 933 sequentes
357 888 437 932 gratias
451 888 548 925 efficaces
562 888 588 925 de
601 888 710 932 condigno
724 887 803 924 mereri
814 889 861 930 pot-

35 945 76 1005 est;
87 970 137 998 nam
148 961 167 997 si
178 961 214 1005 ita,
226 961 295 998 iustus
305 964 354 1004 post
366 963 477 1004 acceptam
488 961 582 1004 primam
594 961 685 1004 gratiam
697 959 805 997 efficacem
818 959 861 996 iam

35 1036 91 1070 esset
102 1033 241 1070 confirmatus
252 1033 275 1069 in
287 1032 357 1077 gratia
366 1027 413 1070 'suis
425 1032 516 1077 meritis,
526 1036 582 1070 esset
593 1031 750 1076 impeccabilis.
762 1031 794 1068 Ex
806 1031 862 1069 thesi

35 1104 59 1142 12
70 1108 131 1149 parte
142 1105 153 1142 2
164 1108 234 1142 autem
245 1108 335 1149 constat,
346 1105 425 1142 iustum
438 1115 483 1143 esse
494 1106 517 1141 in
528 1105 626 1149 periculo
637 1104 745 1148 peccandi
757 1103 861 1149 quamdiu

35 1180 67 1214 est
77 1177 148 1214 viator
160 1180 180 1214 et
191 1187 235 1215 non
248 1178 317 1215 solum
327 1178 350 1214 in
362 1177 400 1215 illo
412 1178 517 1221 temporis
529 1177 606 1221 spatio,
616 1177 675 1221 quod
688 1180 720 1214 est
731 1177 789 1213 inter
801 1175 861 1213 iusti-

35 1248 158 1287 ficationem
169 1252 191 1287 et
201 1250 295 1293 primam
308 1250 399 1293 gratiam
412 1249 527 1287 efficacem.

88 1320 144 1365 Ergo
158 1321 227 1358 iustus
240 1332 284 1359 non
298 1324 369 1365 potest
383 1321 425 1359 sibi
440 1322 466 1358 de
479 1322 588 1365 condigno
600 1322 679 1358 mereri
695 1321 775 1358 donum
789 1331 861 1364 perse-

35 1394 151 1431 verantiae.
166 1393 221 1431 Nam
235 1394 289 1431 illud
306 1394 457 1437 complectitur
473 1395 551 1432 seriem
566 1394 684 1438 gratiarum
700 1393 820 1431 efficacium
836 1392 862 1430 ab

36 1465 111 1503 ultima
126 1465 279 1503 iustificatione
296 1476 362 1510 usque
379 1466 407 1503 ad.
422 1469 520 1509 mortem,
537 1468 557 1503 et
573 1466 643 1510 ipsam
658 1469 749 1503 mortem
765 1466 788 1502 in
806 1467 862 1503 statu

36 1538 124 1581 gratiae.
139 1537 225 1574 Donum
240 1537 414 1581 perseverantiae
429 1548 473 1575 non
491 1549 536 1575 esse
553 1538 662 1575 obiectum
679 1537 751 1575 meriti
769 1537 795 1574 de
812 1547 862 1574 cou-

37 1609 102 1653 digno
119 1621 135 1647 s.
150 1609 280 1653 Augustinus
296 1609 391 1647 ostendit
407 1610 430 1647 in
446 1609 503 1648 libro
519 1610 551 1647 De
567 1610 624 1648 dono
640 1609 822 1654 perseverantiae,
838 1609 861 1646 in

36 1692 78 1726 quo
90 1680 130 1719 ait:
148 1681 229 1720 «Unde
243 1682 295 1719 satis
309 1681 405 1719 dilucide
419 1682 541 1720 ostenditur
555 1685 576 1720 et
588 1682 709 1720 incohandi
723 1685 743 1719 et
756 1692 824 1727 usque
838 1681 861 1718 in

35 1752 100 1808 finem
113 1753 268 1797 perseverandi
282 1753 372 1797 gratiam
385 1754 425 1791 Dei
438 1765 481 1791 non
496 1754 615 1792 secundum
629 1754 706 1792 merita
720 1758 794 1792 nostra
808 1753 861 1797 dari,

37 1825 75 1863 sed
91 1825 138 1862 dari
155 1825 273 1863 secundum
290 1825 359 1869 ipsius
374 1826 542 1863 secretissimam
557 1826 697 1871 eamdemque
714 1826 862 1872 iustissimam

37 1896 226 1941 sapientissimam,
237 1897 456 1935 beneficentissimam
467 1899 606 1942 voluntatem,
617 1899 726 1943 quoniam,
737 1909 791 1942 quos
802 1909 862 1942 prae-

38 1968 155 2006 destinavit
168 1968 227 2013 ipsos
240 1972 261 2006 et
273 1969 366 2014 vocavit,
379 1970 494 2007 vocatione
506 1970 549 2013 illa,
563 1970 589 2007 de
602 1981 644 2015 qua
658 1970 740 2007 dictum
754 1973 796 2007 est:
812 1970 862 2007 Sine

37 2040 170 2083 paenitentia
181 2044 230 2078 sunt
242 2041 299 2079 dona
310 2045 330 2080 et
341 2041 426 2079 vocatio
436 2042 476 2079 Dei
485 2054 495 2078 »
504 2045 538 2080 2⁴⁹⁶.
548 2043 652 2086 Theologi
664 2043 687 2079 in
698 2042 740 2080 hac
751 2053 774 2080 re
786 2053 863 2080 conve-

38 2112 101 2150 niunt
109 2116 142 2157 1⁹⁷,
157 2124 247 2157 eamque
264 2114 408 2151 communiter
423 2095 549 2158 proponunt
565 2116 588 2151 ut
603 2114 723 2159 theologice
741 2117 821 2152 certam
829 2118 864 2150 ²¹³⁸.

88 2184 159 2222 Iustus
171 2188 241 2222 autem
255 2168 280 2223 de
292 2195 387 2229 congruo
397 2187 477 2224 mereri
489 2189 560 2230 potest
572 2187 763 2230 perseverantiam,
776 2186 794 2223 si
807 2186 863 2224 exci-

37 2256 97 2300 pitur
111 2256 182 2301 prima
197 2257 266 2301 gratia
281 2257 362 2295 efficax.
377 2258 467 2295 Videtur
482 2259 540 2296 enim
554 2268 679 2302 congruum,
694 2259 763 2296 Deum
778 2258 863 2296 Patrem

39 2328 152 2366 caelestem
164 2328 245 2366 intuitu
255 2329 362 2367 bonorum
375 2341 472 2374 operum,
484 2341 538 2374 quae
551 2331 635 2367 faciunt
647 2323 746 2369 filti'eius
759 2330 864 2374 adoptivi,

38 2410 84 2437 eam
99 2400 158 2438 circa
171 2411 207 2438 eos
221 2411 295 2438 curam
309 2401 395 2443 hahere.
408 2404 431 2438 nt
443 2402 466 2438 in
480 2403 549 2445 gratia
563 2405 711 2446 permaneant.
726 2401 778 2441 Cum
793 2406 863 2440 autem

87 2559 114 2582 ”⁹⁵
127 2556 154 2589 Ca
169 2580 173 2588 .
185 2556 201 2589 3.

87 2620 115 2642 1⁹ss
128 2566 218 2649 Depdono
230 2617 468 2656 perseverantiae13,33;
480 2617 514 2650 ML
525 2618 553 2655 45,
565 2618 620 2656 1012;
634 2618 651 2651 R
662 2618 714 2652 1999.

87 2680 114 2704 tit-³⁷
129 2677 146 2709 S.
158 2677 193 2709 Th.
205 2678 221 2715 1,
233 2678 243 2709 2
255 2686 273 2716 q.
286 2677 320 2709 114
333 2687 349 2710 a.
361 2677 378 2710 9.

86 2739 115 2762 1⁹⁸
128 2737 205 2776 Suarez,
218 2737 245 2769 De
257 2737 322 2776 gratia
333 2737 367 2770 lib.
379 2738 401 2770 12
413 2747 454 2777 cap,
468 2738 496 2771 26.
