1952 3093
441 69 562 105 -194-

87 193 136 234 tem,
151 193 171 226 et
184 189 311 232 sempiterni
327 189 440 225 cuiusdam
454 189 529 232 populi
545 190 659 226 caelestem
674 189 813 232 divinamque
828 199 912 232 rempu-

88 261 174 304 blicam,
187 261 221 297 cui
233 271 272 297 nos
284 261 343 297 cives
354 260 458 297 adsciscit
469 260 528 304 fides,
542 271 597 304 spes,
609 261 699 297 caritas:
713 263 737 297 ut
747 260 851 304 quamdiu
861 260 913 298 inde

88 333 259 376 peregrinamur,
273 333 367 369 feramus
381 343 417 369 eos
428 333 447 370 si
461 332 569 375 corrigere
581 325 624 369 uon
638 332 740 376 valemus,
752 332 789 376 qui
802 332 862 368 vitiis
875 333 913 368 im-

88 405 171 447 punitis
181 405 257 441 volunt
266 408 323 441 stare
333 404 496 448 rempublicam,
505 414 569 448 quam
579 404 646 447 primi
654 404 746 441 Romani
756 403 914 440 constituerunt

90 480 237 519 auxeruntque
257 476 380 518 virtutibus
401 477 440 513 etsi
461 486 504 513 non
525 475 629 513 habentes
649 486 721 512 veram
742 477 844 519 pietatem
864 486 913 519 erga

89 548 157 585 Deum
170 559 250 590 verum,
263 559 318 592 quae
331 548 381 585 illos
391 547 456 585 etiam
468 548 491 583 in
503 551 613 584 aeternam
625 547 735 584 civitatem
747 551 820 591 posset
833 547 914 584 salubri

90 620 194 664 religione
208 619 337 665 perducem
350 619 496 656 custodientes
507 622 580 656 tamen
593 619 708 663 quamdam
721 620 754 656 sui
768 619 853 662 generis
866 629 915 661 pro-

89 691 185 736 bitatem,
198 701 252 735 quae
264 695 337 733 posset
349 695 447 728 terrenae
460 691 543 728 civitati
557 690 727 734 constituendae,
742 690 851 734 augendae
865 701 914 728 con-

91 763 252 807 servandaeque
266 763 369 800 sufficere.
383 763 441 800 Deus
453 763 511 800 enim
526 763 558 799 sic
571 763 666 800 ostendit
678 763 701 799 in
715 762 881 806 opulentissimo
895 767 914 799 el

90 836 202 878 praeclaro
214 835 307 878 imperio
318 835 471 878 Romanorum,
483 837 586 878 quantum
598 835 695 871 valerent
705 834 781 871 civiles
792 834 857 871 etiam
868 835 914 871 sine

90 917 141 943 vera
156 907 261 950 rel-igione
278 907 374 950 virtutes,
391 910 415 942 ut
431 907 644 950 intelligeretur-hac
661 906 736 943 addita
751 906 799 943 fieri
815 905 915 943 homines

91 978 150 1015 cives
167 978 254 1015 alterius
272 978 373 1021 civitatis,
389 978 450 1015 cuius
466 989 504 1015 rex
519 978 605 1021 veritas,
623 977 685 1014 cuius
699 978 734 1014 lex
751 978 836 1020 caritas,
854 977 915 1014 cuius

91 1051 168 1087 modus
181 1050 296 1087 aeternitas
305 1063 315 1086 »
322 1054 358 1085 Μ.

147 1134 166 1171 S.
184 1133 335 1170 Funenurrus:
357 1133 414 1170 «Illa
431 1145 486 1178 quae
503 1134 537 1170 lex
556 1133 662 1170 tactorum
679 1136 717 1176 est,
735 1145 789 1177 quae
806 1133 916 1170 hominem

93 1205 211 1242 iustificare
223 1215 267 1242 non
279 1208 356 1249 potest,
368 1204 419 1248 quia
433 1217 458 1243 en
471 1205 574 1248 operibus
586 1205 640 1249 legis
652 1215 697 1242 non
709 1204 862 1242 iustificabitur
874 1216 917 1242 om-

94 1277 128 1314 nis
143 1288 200 1320 caro,
213 1279 285 1320 potest
298 1277 385 1321 quidem
401 1277 528 1313 naturaliter
541 1287 587 1314 esse
601 1277 657 1313 etin
671 1276 736 1314 corde
751 1277 847 1320 gentium
859 1279 881 1313 et
894 1277 916 1312 in

95 1349 160 1385 corde
173 1348 293 1385 infidelium
307 1348 443 1392 Iudaeorum,
457 1359 513 1392 quae
526 1351 597 1385 tamen
613 1348 659 1385 sine
674 1348 719 1384 fide
732 1348 815 1386 Christi
830 1348 918 1384 nullate-

94 1421 134 1457 n⁴us
149 1420 251 1457 iustificat
267 1423 382 1457 sectatores
399 1431 454 1463 suos,
470 1421 507 1457 sed
523 1431 559 1457 eos
574 1424 632 1457 tenet
645 1420 733 1457 vinculo
749 1421 867 1463 impietatis
882 1423 917 1457 ob·

95 1492 181 1528 strictos
191 1505 200 1527 »
208 1495 243 1529 1⁶⁵.

450 1726 562 1761 TnnoLoor

148 1869 258 1905 Mamsrun
276 1873 478 1905 suurnurmnumlffi
496 1879 601 1912 quaerens
619 1869 670 1904 «An
687 1869 758 1905 omnis
776 1868 868 1904 intentio
886 1869 919 1904 vel

94 1941 150 1977 actio
160 1940 281 1977 infidelium
291 1941 319 1977 sit
329 1941 385 1976 mala
393 1953 412 1984 >>,
422 1932 476 1977 duas
484 1940 547 1983 ponit
555 1941 680 1983 opiniones:
694 1939 808 1984 «Cumque
819 1940 918 1982 intentio,

93 2016 117 2048 ut
128 2023 193 2055 supra
205 2012 286 2048 dictum
297 2016 334 2055 est,
345 2012 426 2049 bonum
437 2023 492 2055 opus
502 2012 573 2056 faciat,
585 2015 605 2049 et
614 2012 668 2049 fides
679 2012 822 2048 intentionem
833 2011 917 2055 dirigat,

94 2094 137 2120 non
150 2084 258 2120 immerito
270 2084 344 2128 quaeri
356 2086 433 2128 potest,
444 2087 515 2120 utrum
527 2084 597 2121 omnis
609 2084 701 2121 intentio
714 2094 819 2127 omneque
831 2083 918 2120 illorum

95 2167 149 2198 opus
163 2157 242 2192 malum
258 2156 292 2200 sit,
305 2157 342 2200 qui
357 2156 421 2192 fidem
438 2166 481 2192 non
496 2155 583 2193 habeut.
597 2156 619 2193 Si
635 2156 693 2192 enim
706 2155 759 2192 fides
775 2156 917 2192 intentionem

96 2227 176 2272 dirigit,
188 2231 209 2265 et
219 2228 311 2266 intentio
323 2228 404 2265 honum
415 2238 469 2271 opus
482 2227 540 2271 iacit,
552 2227 592 2265 ubi
603 2238 647 2265 non
660 2230 692 2264 est
702 2227 762 2270 fides,
774 2219 814 2264 nec
826 2227 918 2263 intentio

94 2299 151 2336 bona
163 2310 203 2336 nec
215 2299 297 2336 bonum
309 2311 363 2342 opus
375 2310 423 2336 esse
433 2299 525 2336 videtur.
538 2291 600 2342 Quod
611 2311 622 2336 a
634 2298 764 2343 quibusdam
777 2309 820 2336 non
833 2299 918 2336 irratio-

95 2372 197 2408 nabiliter
207 2371 315 2415 astruitur,
326 2372 363 2415 qui
375 2371 456 2417 dicunt,
467 2381 541 2407 omnes
553 2372 648 2408 actiones
659 2375 680 2407 et
691 2371 811 2407 voluntates
823 2371 918 2407 hominis

134 2544 172 2585 *164
186 2540 220 2572 ML
233 2539 261 2578 33,
275 2540 315 2579 532,
329 2549 353 2578 s.;
369 2540 393 2572 ct.
406 2539 433 2572 De
445 2540 481 2572 civ.
496 2539 537 2578 nei,
552 2540 568 2572 1.
582 2541 602 2578 5;
617 2549 645 2579 ep.
661 2539 695 2571 144
708 2549 737 2572 nr.
752 2539 772 2577 2;
788 2539 821 2571 ML
835 2538 863 2577 33,
877 2539 920 2576 591;

98 2599 210 2637 Mausbach,
222 2599 257 2631 Die
271 2599 331 2632 Ethik
343 2600 376 2632 des
388 2599 416 2631 hl.
429 2599 557 2638 Augustinus.
571 2599 670 2638 Freiburg,
684 2599 736 2638 1909,
751 2599 774 2638 ΙΙ,
788 2598 872 2631 258-265.

145 2663 173 2685 165
185 2660 220 2697 Ep.
232 2660 260 2697 17,
272 2660 300 2698 27,
312 2660 343 2698 52;
356 2660 390 2692 ML
401 2660 429 2698 65,
441 2660 484 2697 484;
497 2660 514 2691 R
525 2659 577 2692 2245,

146 2724 172 2745 1⁶⁴2·
185 2720 204 2751 L.
219 2720 229 2751 2
244 2720 288 2752 dist.
303 2721 331 2752 41.
