1952 3093
408 78 530 115 -205-

58 204 159 242 testam.
173 200 241 237 Error
258 200 294 238 39:
315 200 444 243 «Voluntas,
454 210 525 244 -quam
542 199 612 243 gratia
629 209 673 237 non
690 198 810 243 praevenit,
828 198 884 235 nihil

58 275 122 314 hahet
134 272 224 310 luminis
238 272 282 309 nisi
295 272 323 309 ad
337 272 488 315 aberrantium,
503 271 588 309 ardoris
602 271 646 308 nisi
660 271 688 309 ad
701 282 724 309 se
738 271 885 315 praecipitans

60 349 115 389 dum,
126 344 206 382 virium
217 344 260 382 nisi
272 345 300 382 ad
312 355 334 381 se
346 344 511 386 vulnerandum
524 347 555 381 est
566 354 634 387 capax
647 344 717 381 omnis
729 344 781 381 mati
794 346 814 380 et
826 344 885 380 inca—

58 430 100 464 pax
111 417 139 454 ad
150 428 214 454 omne
226 416 369 454 bonum»1932

428 652 510 689 Parnes

112 796 132 833 S.
145 796 299 833 Aucusrntus:
316 796 486 833 «Verumtamen
499 789 609 839 quianon
624 807 691 840 usque
706 796 760 832 adeo
774 795 797 831 in
813 805 885 832 amma

59 871 153 906 humana
165 869 236 911 imago
249 868 289 905 Dei
303 860 439 905 terrenorum
453 868 570 905 affectuum
583 867 631 904 labe
646 867 725 905 detrita
739 870 776 910 est,
789 870 813 904 ut
826 858 885 904 nulia

60 942 83 978 in
96 951 120 978 ea
133 941 191 977 velut
203 939 334 977 lineamenta
347 943 442 977 extrema
455 940 606 982 remanserinty
618 940 676 977 unde
689 939 767 976 merito
781 939 826 975 dici
836 937 885 982 pos-

60 1013 88 1050 sit
99 1012 164 1049 etiam
175 1012 198 1048 in
210 1012 258 1054 ipsa
268 1011 379 1054 impietate
390 1011 447 1048 vitae
459 1014 509 1048 suae
522 1011 593 1048 tacere
604 1011 677 1055 aliqua
687 1011 741 1055 tegis
752 1011 787 1048 rel
799 1013 884 1055 sapere;

61 1086 79 1123 si
93 1086 136 1121 hoc
152 1084 258 1127 estquod
273 1084 354 1120 dictum
370 1086 407 1126 est,
423 1084 475 1127 quia
490 1082 568 1121 Gentes
583 1094 637 1127 quae
653 1084 722 1127 legem
738 1093 782 1121 non
798 1073 886 1125 babent,

60 1158 101 1194 hoc
112 1159 149 1199 est,
160 1157 228 1199 legem
238 1156 284 1199 Dei,
296 1156 424 1192 naturaliter
433 1167 488 1200 quae
496 1156 550 1199 legis
561 1159 611 1192 sunt
621 1156 711 1199 iaciunt,
722 1159 742 1192 et
751 1155 803 1199 quia
813 1154 886 1192 huius-

60 1228 119 1266 modi
132 1228 232 1265 homines
246 1228 290 1271 ipsi
305 1228 347 1265 sibi
361 1231 411 1265 sunt
423 1228 465 1271 lex,
479 1230 500 1265 et
513 1228 618 1271 scriptum
633 1231 687 1271 opus
700 1227 754 1271 legis
767 1226 848 1264 habent
862 1227 885 1263 in

61 1299 163 1337 cordibus
175 1301 225 1343 suis,
236 1300 260 1336 id
271 1303 309 1343 est,
319 1310 364 1337 non
372 1300 433 1337 omni
443 1299 509 1337 modo
520 1300 614 1336 deletum
624 1303 661 1344 est,
672 1299 773 1343 quodibi
784 1309 824 1342 per
834 1299 886 1335 11111-

60 1372 132 1415 ginem
142 1371 189 1414 Dei,
201 1382 250 1407 cum
260 1374 386 1408 crearentur
394 1370 525 1414 impressum
537 1375 578 1408 est:
593 1371 657 1407 etiam
668 1370 700 1407 sic
712 1371 749 1407 illa
761 1370 886 1407 differentia

61 1454 104 1480 non
116 1442 285 1487 perturbabitur,
297 1453 340 1487 qua
352 1443 418 1481 distat
429 1454 441 1480 a
452 1443 528 1480 Vetere
538 1443 675 1480 Testamento
687 1442 779 1486 Novum,
790 1453 815 1479 eo
827 1442 887 1486 quod

61 1526 100 1557 per
113 1514 197 1551 Novum
210 1515 314 1552 scribitur
325 1515 360 1551 tex
373 1515 414 1552 Dei
428 1515 450 1551 in
465 1515 531 1552 corde
544 1514 647 1558 fidelium,
662 1525 717 1559 quae
730 1525 770 1558 per
782 1514 848 1551 Vetus
862 1515 886 1550 in

61 1587 139 1623 tabuiis
151 1587 232 1630 scripta
244 1590 281 1623 est.
293 1585 340 1623 Hoc
353 1587 411 1624 enim
423 1587 468 1623 illic
480 1577 583 1624 scribitur
594 1597 634 1630 per
645 1586 815 1629 renovationem,
827 1585 887 1630 quod

62 1669 106 1695 non
118 1658 178 1695 omni
191 1658 255 1695 modo
270 1658 363 1695 deletum
376 1660 408 1695 est
420 1669 460 1701 per
472 1661 606 1695 vetustatem.
617 1657 672 1695 Nam
686 1658 742 1695 sicut
754 1658 803 1701 ipsa
816 1658 887 1701 imago

61 1730 100 1766 Dei
111 1733 228 1767 renovatur
238 1730 261 1766 in
272 1732 344 1767 mente
353 1729 488 1767 credentium
499 1741 539 1773 per
549 1730 709 1767 Testamentum
719 1729 810 1772 Novum,
822 1739 887 1774 quam

62 1811 106 1838 non
119 1801 206 1844 penitus
222 1801 322 1845 impietas
337 1801 470 1845 aboleverat3
488 1812 539 1839 nam
553 1803 685 1839 remanserat
699 1801 773 1845 utique
789 1801 813 1838 id
828 1801 887 1846 quod

63 1873 136 1909 anima
146 1872 242 1910 hominis
252 1873 296 1910 nisi
307 1873 420 1910 rationalis
432 1884 478 1910 esse
490 1884 534 1910 non
546 1876 628 1917 potestz
641 1873 671 1911 ita
682 1873 747 1910 etiam
756 1873 790 1910 ibi
800 1873 836 1910 lex
847 1872 888 1910 Dei

63 1954 106 1981 non
116 1955 142 1981 ex
151 1944 210 1981 omni
218 1948 280 1987 parte
291 1944 360 1982 deleta
369 1955 409 1988 per
418 1944 553 1988 iniustitiam,
564 1945 662 1988 protecto
672 1944 776 1982 scribitur
784 1948 893 1982 renovata-

62 2025 102 2058 per
114 2015 212 2059 gratiam.
225 2015 270 2053 Nec
283 2017 347 2053 istam
358 2016 532 2060 inscriptionem,
545 2027 600 2061 quae
613 2016 737 2053 iustificatio
749 2019 789 2060 est,
803 2019 889 2059 poterat

64 2086 147 2124 efficere
161 2087 184 2123 in
199 2087 285 2124 Iudaeis
299 2087 334 2124 lex
350 2088 372 2123 in
387 2087 466 2125 tabulis
481 2088 568 2131 scripta,
585 2088 623 2124 sed
637 2089 706 2125 solum
720 2089 888 2131 praevaricatio-

64 2169 119 2195 nem.

114 2229 169 2267 Nam
184 2234 205 2268 et
218 2231 262 2273 ipsi
276 2230 375 2268 homines
390 2235 456 2274 erant,
472 2235 492 2268 et
507 2232 540 2268 vis
555 2232 592 2268 ill-a
606 2234 695 2268 naturae
708 2231 780 2269 inerat
795 2232 832 2275 eis,
847 2242 889 2276 qua

63 2300 182 2345 legitimum
193 2301 276 2346 aliquid
287 2301 359 2339 anima
369 2302 483 2340 rationalis
494 2306 515 2340 et
524 2303 590 2340 sentit
599 2306 620 2339 et
630 2303 693 2340 facit:
706 2303 745 2340 sed
753 2305 824 2347 pietas
834 2315 888 2348 quae

63 2372 86 2408 in
99 2373 163 2410 aliam
175 2374 241 2410 vitam
255 2373 358 2411 transfert
369 2374 453 2411 beatam
465 2379 485 2411 et
498 2377 614 2417 aeternam,
627 2375 695 2418 legem
707 2375 773 2412 habet
786 2375 888 2412 immacu-

63 2443 134 2488 latam,
150 2446 449 2489 convertentemanimas1⁹4‚
464 2450 487 2483 ut
502 2458 527 2482 ex
544 2447 580 2483 illo
596 2446 677 2483 lumine
692 2449 829 2489 renoventur,
844 2447 888 2484 tiat-

111 2616 138 2637 192
151 2613 203 2645 Denz
218 2612 270 2645 1352.

110 2676 138 2697 19³
151 2673 203 2704 Denz
217 2672 269 2705 1389.

111 2736 138 2757 1⁹4
151 2733 176 2765 Ps
193 2732 221 2770 18,
238 2733 254 2765 8.
