1952 3093
469 43 591 80 -142-

117 169 163 206 sola
172 167 214 205 fide
225 167 318 212 impium
330 168 449 212 iustificari,
461 169 492 205 ita
502 172 526 207 ut
535 168 648 212 intelligat,
659 167 715 204 nihil
727 168 787 205 aliud
799 167 888 212 requiri,
900 180 941 213 quo

117 240 145 277 ad
163 239 323 277 iustificationis
342 240 433 284 gratiam
451 240 626 284 consequendam
645 242 779 283 cooperetur,
799 243 820 277 et
838 240 898 277 nulla
917 254 941 280 ex

117 314 179 356 parte
192 322 280 349 necesse
295 323 348 355 esse,
362 323 411 349 eum
426 323 476 349 suae
489 312 606 350 voluntatis
619 315 679 349 motu
691 312 819 355 praeparari
833 315 896 356 atque
913 314 942 351 di-

118 384 192 427 sponi:
206 383 230 421 A.
241 383 260 421 S.
269 397 287 421 ».
296 407 324 411 -
334 383 385 427 Cap.
397 385 419 421 7:
435 384 515 421 «Hanc
528 384 694 427 dispositionem
706 395 743 420 seu
754 384 942 427 praeparationem

118 455 242 493 iustificatio
258 456 306 499 ipsa
322 456 488 500 consequitur».
503 455 611 492 Iustitiam
625 455 704 499 recipit
719 456 867 500 unusquisque
884 467 942 496 suam

119 528 258 564 <secundum
280 538 410 571 mensuram,
432 539 497 572 quam
518 527 611 571 Spiritus
633 527 724 564 Sanctus
744 528 838 571 partitur
854 528 943 572 singuiis

119 603 183 642 prout
197 600 249 643 vuit,
264 603 284 636 et
298 600 418 636 secundum
432 600 545 643 propriam
560 600 663 643 cuiusque
679 599 845 642 dispositionem
861 603 882 636 et
896 611 943 639 coo-

119 671 254 714 perationem
262 684 281 709 >>,
297 670 372 715 Capite
388 672 399 708 8
415 671 510 715 explicat
524 671 579 715 quid
593 671 622 709 sit
636 682 676 714 per
691 670 756 708 fidem
771 671 891 715 iustificari,
907 674 943 711 sel.

118 742 172 780 fides
186 747 217 780 est
231 743 302 780 omnis
314 743 475 781 iustificationis
487 743 581 785 initium,
594 743 759 780 tundamentum
774 746 794 780 et
808 743 878 780 radix,

454 995 474 1032 S.
490 996 610 1032 Scaurum

170 1149 291 1187 Concilium
301 1150 444 1187 tridentinum
455 1150 478 1186 in
487 1149 530 1187 fine
539 1150 618 1193 capitis
629 1150 639 1186 6
650 1151 694 1187 iam
704 1151 777 1194 plures
789 1151 864 1187 citavit
873 1154 942 1189 textus

119 1232 135 1258 s.
152 1221 282 1265 Scripturae.
299 1220 416 1265 Sequentes
433 1224 503 1258 textus
522 1222 623 1265 dispositi
641 1226 691 1259 sunt
708 1223 826 1259 secundum
844 1223 942 1260 ordinem

119 1304 161 1337 quo
175 1292 293 1330 concilium
306 1293 395 1330 modum
407 1293 582 1337 praeparationis
596 1294 706 1331 describit.

173 1364 205 1400 Fi
214 1364 264 1402 des
277 1376 282 1401 ε
304 1364 359 1402 Rom
374 1365 392 1410 3,
408 1364 440 1402 28.
455 1365 492 1403 30:
517 1365 672 1402 «Arbitramur
686 1366 744 1403 enim
757 1366 869 1404 hominem
884 1367 943 1403 iusti-

119 1436 180 1473 ficari
195 1436 314 1480 perfidem
329 1436 377 1474 sine
392 1437 495 1480 operibus
510 1437 564 1481 legis
573 1465 577 1474 .
586 1465 604 1474 ..
620 1438 723 1482 quoniam
738 1438 826 1482 quidem
840 1449 897 1476 unus
913 1442 944 1476 est

118 1508 181 1551 Deus,
197 1509 235 1552 qui
249 1508 352 1545 iustificat
367 1508 557 1546 circumcisionem
574 1520 599 1546 ex
614 1509 663 1554 fide,
678 1513 699 1546 et
714 1510 852 1553 praeputium
866 1521 907 1553 per
921 1510 942 1546 fi-

120 1580 195 1617 dem».
205 1603 233 1607 —-
244 1580 263 1623 5,
275 1580 298 1617 2:
315 1579 375 1617 «Per
386 1591 450 1624 quem
464 1580 543 1622 (Iesum
556 1580 673 1623 Christum)
686 1584 706 1618 et
716 1581 820 1618 habemus
833 1593 942 1618 accessum

120 1651 236 1695 perfidem
248 1652 374 1696 ingratiam
386 1652 456 1696 istam,
468 1653 492 1689 in
503 1663 545 1697 qua
558 1656 639 1690 stamus
652 1656 672 1690 et
684 1653 802 1697 gloriamur
814 1654 838 1690 in
849 1665 889 1697 spe
902 1654 943 1697 glo-

120 1723 165 1760 riae
177 1722 272 1760 filiorum
285 1723 325 1761 Dei
334 1736 352 1761 >>.
365 1747 393 1751 -
405 1723 474 1767 (111113,
489 1724 512 1761 8:
528 1724 668 1762 «Providens
682 1727 752 1762 autem
767 1724 879 1769 Scriptura
894 1726 943 1769 quia

120 1806 146 1832 ex
160 1794 203 1832 fide
217 1794 319 1833 iustificat
336 1794 413 1833 Gentes
428 1796 492 1839 Deus,
508 1797 671 1839 praenuntiavit
686 1797 795 1834 Abrahae:
814 1797 866 1841 quia
881 1797 943 1834 bene-

121 1866 222 1903 dicentur
233 1867 256 1903 in
270 1870 291 1904 te
304 1878 379 1904 omnes
393 1866 476 1905 Gentes.
490 1867 558 1911 Igitur
571 1869 609 1912 qui
622 1880 649 1905 ex
662 1868 704 1905 fide
719 1872 775 1912 sunt,
787 1869 944 1906 benedicentur

121 1949 170 1974 cum
181 1937 241 1975 fideli
250 1938 359 1975 Abraham
368 1951 386 1976 ».
396 1962 424 1966 -
435 1939 454 1982 3,
466 1938 502 1975 24:
518 1952 528 1975 «
537 1939 610 1983 Itaque
622 1940 657 1977 lex
669 1940 806 1984 paedagogus
818 1943 892 1977 noster
904 1940 944 1977 fuit

121 2010 145 2045 in
157 2009 249 2054 Christo,
262 2014 286 2047 ut
297 2022 322 2047 ex
334 2010 377 2047 fide
387 2010 529 2047 iustificemur
537 2023 555 2049 ».
567 2034 595 2038 —-
606 2011 657 2048 Phu.
669 2012 687 2055 3,
700 2012 723 2049 9:
739 2024 750 2048 «
758 2015 782 2049 ut
793 2011 903 2050 Christum
914 2012 944 2048 lu-

119 2081 238 2125 crifaciam,
252 2085 273 2118 et
285 2082 386 2119 inveniar
398 2082 422 2118 in
435 2083 473 2119 ilio
487 2092 531 2119 non
545 2083 627 2120 habens
641 2094 711 2120 meam
724 2084 835 2128 iustitiam,
849 2095 904 2128 quae
917 2095 942 2121 ex

121 2153 166 2196 lege
181 2155 217 2197 est,
234 2153 272 2190 sed
286 2154 345 2190 iilam
359 2165 413 2197 quae
429 2165 455 2190 ex
469 2153 511 2191 fide
527 2157 558 2191 est
573 2153 654 2192 Christi
668 2155 727 2192 Iesu:
744 2166 798 2199 quae
814 2167 839 2193 ex
852 2156 897 2193 Deo
914 2158 944 2192 est

120 2224 203 2261 iustitia
217 2225 240 2260 in
255 2224 297 2261 fide
314 2225 341 2262 ad
357 2226 531 2269 cognoscendum
546 2225 695 2263 illum...».'—
709 2227 768 2264 Hebr
784 2228 815 2271 11,
833 2227 855 2264 6:
875 2240 885 2263 «
894 2227 943 2265 Sine

119 2296 161 2332 fide
174 2299 245 2333 autem
258 2297 393 2340 impossibile
405 2301 437 2334 est
448 2298 535 2341 placere
545 2298 596 2335 Deo.
611 2298 703 2336 Credere
716 2299 774 2335 enim
787 2302 872 2342 oportet
885 2310 943 2336 accc-

121 2368 207 2404 dentem
220 2368 247 2404 ad
259 2368 327 2405 Deum
339 2369 391 2413 quia
403 2373 435 2406 est
447 2372 467 2406 et
479 2369 639 2413 inquirentibus
651 2381 673 2407 se
686 2374 835 2408 remunerator
845 2371 874 2408 sit
882 2384 900 2408 ».
912 2370 943 2406 Ex

120 2451 162 2483 quo
174 2440 250 2477 ultimo
262 2443 322 2477 textu
334 2441 398 2478 etiam
410 2445 506 2485 apparet,
517 2440 582 2478 fidem
594 2442 654 2478 illam
667 2453 712 2479 esse
727 2443 876 2487 dogmaticam,
890 2452 942 2487 quae

121 2522 161 2554 pro
175 2511 260 2549 obiecto
274 2512 339 2549 habet
352 2513 453 2549 veritates
470 2513 646 2550 admittendas&

168 2702 185 2723 1ss
199 2699 238 2730 Hoc
255 2699 319 2730 fusius
334 2699 445 2730 ostenditur
459 2700 479 2730 in
494 2702 580 2731 tractatu
597 2700 619 2731 de
634 2699 742 2732 virtutibus
757 2710 786 2732 nr.
803 2700 842 2732 108.
