1952 3093
396 148 424 153 —
438 93 518 163 109¹—

45 258 98 293 gnus
111 246 239 285 hereditatis
251 250 343 291 nostrae,
355 247 378 284 in
391 246 564 291 redemptionem
578 245 735 290 acquisitionis,
748 245 772 282 in
785 244 872 283 laudem

45 321 126 366 gloriae
137 320 233 364 ipsius».
246 321 264 364 4,
277 320 301 358 30
314 319 359 357 «Et
370 319 438 357 nolite
450 318 579 357 contristare
592 318 697 362 Spiritum
708 321 807 356 sanctum
818 317 869 355 Dei:

43 394 66 430 in
79 403 122 438 quo
134 392 213 436 signati
227 392 278 431 estis
292 392 315 429 in
330 391 388 429 diem
400 390 585 436 redemptionis».
599 391 618 434 5,
633 390 668 429 18:
686 390 732 429 «Et
743 391 811 429 nolite
824 390 869 428 ine-

46 465 115 503 briari
127 466 186 510 vino,
198 466 221 502 in
233 476 275 510 quo
290 468 322 503 est
334 464 431 502 luxuria:
446 464 485 502 sed
498 463 621 509 implemini
635 464 718 508 Spiritu
731 466 806 502 sancto
815 476 834 503 >>.
846 486 873 491 -—

3 531 4 534 ¹
48 540 57 576 1
71 538 139 576 Thess
154 538 172 581 4,
186 539 208 576 8:
226 538 282 582 «qui
300 537 372 579 (Deus)
388 537 453 575 etiam
467 536 527 575 dedit
541 536 646 581 Spiritum
661 548 723 575 suurn
736 539 834 575 sanctum
849 537 872 573 in

47 609 110 648 nobis
118 622 137 648 >>.

419 827 501 864 Parnes

102 976 168 1014 Multa
184 977 227 1014 iam
245 976 386 1014 inveniuntur
403 976 426 1012 in
444 975 478 1020 iis,
495 986 549 1019 quae
567 975 678 1019 prioribus
696 975 793 1013 thesibus
811 976 879 1013 allata

50 1047 395 1086 sunt⁹1.E1›1srumBmmaaa:
415 1046 589 1085 «Aedifieahitur
604 1050 674 1084 autern
690 1047 714 1083 in
730 1048 818 1085 nomine
834 1048 875 1085 Do-

50 1120 114 1157 mini:
130 1120 240 1164 attendite,
255 1122 278 1157 ut
292 1120 396 1164 templum
408 1119 497 1157 Domini
511 1119 625 1163 magnifice
640 1118 771 1158 aedificetur.
785 1120 876 1164 Quomo-

51 1192 92 1230 do?
100 1191 189 1230 Discite.
200 1192 295 1236 Accepta
306 1191 434 1230 remissione
445 1194 585 1236 peccatorum
596 1194 617 1229 et
627 1203 665 1236 spe
675 1191 750 1229 habita
761 1193 784 1228 in
796 1202 875 1230 nomen

47 1263 136 1301 Domini
150 1263 202 1301 facti
217 1274 290 1301 sumus
304 1264 362 1308 novi,
375 1262 454 1301 iterum
469 1264 495 1301 ab
508 1263 594 1307 integro
607 1263 684 1309 creati;
699 1263 749 1301 ideo
764 1264 787 1300 in
802 1263 873 1307 nobis,

51 1337 74 1374 in
84 1336 196 1375 domicilio
204 1340 285 1382 nostro,
295 1347 345 1375 vere
354 1337 412 1375 Deus
419 1336 503 1374 habitat
511 1349 522 1373 >>
530 1340 555 1374 ⁹².
565 1337 585 1375 S.
595 1337 713 1375 lanuinus:
727 1349 738 1373 «
747 1336 809 1374 Hunc
822 1336 876 1380 (Spi-
905 1370 906 1374 ,

51 1410 116 1447 ritum
130 1409 239 1453 Sanctum)
255 1410 313 1447 enim
326 1409 428 1454 promisit
440 1420 480 1454 per
491 1409 609 1453 prophetas
624 1408 736 1447 effundere
748 1409 772 1446 in
785 1409 877 1446 novissi-

51 1481 93 1519 mis
105 1482 239 1526 temporibus
253 1492 318 1526 super
329 1492 403 1520 servos
417 1485 437 1520 et
450 1482 547 1527 ancillas,
559 1484 583 1519 ut
595 1481 735 1527 prophetent;
748 1481 806 1518 unde
820 1485 840 1518 et
854 1482 876 1517 in

52 1554 131 1592 Filium
143 1553 190 1599 Dei,
201 1554 270 1592 filium
283 1554 379 1592 hominis
393 1554 481 1599 iactum,
494 1553 613 1598 descendit,
628 1565 677 1592 cum
689 1553 738 1598 ipso
751 1563 877 1591 assuescens

52 1625 150 1664 habitare
161 1627 185 1664 in
195 1636 273 1671 genere
284 1627 386 1671 humano,
399 1629 420 1664 et
431 1626 555 1671 requiscere
567 1627 590 1663 in
602 1626 734 1671 hominibus,
747 1630 768 1663 et
779 1625 877 1664 hahitare

53 1699 75 1734 in
85 1699 190 1742 plasmate
200 1699 247 1743 Dei,
258 1699 390 1737 voluntatem
400 1698 471 1736 Patris
481 1708 574 1742 operans
585 1698 608 1735 in
619 1697 680 1744 ipsis,
691 1700 711 1735 et
722 1708 829 1736 renovans
842 1709 878 1736 eos

53 1782 65 1808 a
77 1773 181 1809 vetustate
195 1771 218 1807 in
233 1772 351 1808 novitatem
364 1769 496 1808 Christian.
512 1770 624 1807 «Perieeti
637 1769 709 1814 igitur,
724 1770 761 1815 qui
776 1773 797 1808 et
812 1770 879 1814 Spiri-

53 1846 97 1880 tum
112 1843 135 1880 in
150 1854 172 1881 se
186 1845 361 1887 perseverantem
373 1841 490 1881 habuerint
503 1843 543 1881 Dei
558 1846 578 1881 et
592 1842 675 1881 animas
689 1845 710 1880 et
724 1853 817 1887 corpora
832 1843 879 1880 sine

53 1915 140 1959 querela
152 1915 295 1961 servaverint3
309 1916 356 1960 Dei,
369 1915 393 1953 id
406 1919 438 1953 est
450 1915 510 1952 illam
524 1925 578 1960 quae
592 1915 620 1953 ad
633 1915 701 1952 Deum
714 1917 746 1952 est
758 1914 824 1952 fidem
836 1926 879 1952 ser·
911 1913 913 1916 ’

54 1990 134 2031 rantes⁵
149 1991 169 2026 et
183 1998 229 2026 eam
241 1998 295 2032 quae
309 1988 337 2025 ad
349 1987 474 2031 proximum
486 1991 518 2025 est
530 1987 635 2024 iustitiam
650 1986 803 2024 custodientes.
815 1987 879 2025 Unde

55 2062 75 2096 ct
84 2061 188 2104 templum
198 2060 239 2096 Dei
250 2060 334 2103 plasma
345 2070 391 2096 esse
402 2058 442 2097 ait:
455 2058 555 2102 Nescitis,
567 2058 648 2104 dicens,
660 2059 763 2104 quoniam
775 2059 878 2103 tempium

53 2131 93 2169 Dei
109 2131 167 2175 estis,
182 2134 203 2170 et
218 2130 312 2176 Spiritus
327 2131 368 2168 Dei
381 2130 466 2168 habitat
481 2131 506 2168 in
522 2130 597 2168 vobis‘?
614 2130 637 2169 Si
652 2130 701 2175 quis
717 2129 822 2176 templum
836 2131 878 2169 Dei

54 2203 174 2247 violaverit,
190 2202 302 2248 disperdet
316 2203 378 2240 illum
391 2203 455 2241 Deus.
469 2203 583 2247 Templum
598 2203 657 2240 enim
666 2202 711 2240 Dei
727 2206 825 2241 sanctuni
841 2206 879 2247 est,

55 2275 113 2318 quod
127 2275 178 2314 estis
192 2286 240 2321 vos;
257 2275 371 2313 manifeste
387 2286 466 2319 corpus
481 2276 584 2319 templum
601 2275 683 2319 dicens,
699 2275 722 2312 in
738 2286 781 2320 quo
796 2275 880 2313 habitat

56 2345 148 2389 Spiritus
157 2350 201 2385 »⁹4.
213 2346 364 2385 Novnrmnns:
381 2359 391 2383 «
399 2346 441 2384 Hic
453 2350 485 2385 est
500 2346 601 2391 (Spiritus
615 2346 714 2389 Sanctus)
728 2347 765 2392 qui
778 2350 880 2392 operatur

56 2428 81 2454 ex
100 2418 162 2463 aquis
181 2419 299 2457 secundam
316 2418 458 2464 nativitatem,
477 2430 549 2456 semen
569 2419 679 2463 quoddam
698 2419 768 2457 divini
788 2418 879 2463 generis,

55 2542 188 2551 ———..—..

104 2616 121 2637 91
134 2613 151 2645 R
162 2622 198 2645 ser.
210 2612 250 2645 357.

105 2676 122 2697 ⁹²
136 2673 163 2711 16,
177 2673 197 2711 83
209 2673 226 2706 R
239 2673 267 2706 36.

105 2736 122 2757 ⁹³
136 2733 183 2766 Adv.
197 2733 250 2766 haer.
264 2733 280 2772 3,
294 2733 321 2772 17,
336 2735 355 2772 1;
371 2733 406 2766 MG
420 2733 435 2773 7,
449 2733 492 2772 229;
508 2734 524 2767 R
538 2734 578 2766 219.

105 2797 122 2818 m
136 2794 183 2826 Adv.
197 2794 250 2826 haer.
266 2795 282 2831 5,
297 2795 312 2833 6,
327 2794 395 2832 uuit}
410 2794 425 2832 7,
441 2794 496 2832 1138;
510 2794 527 2826 R
542 2794 581 2826 251.
