1952 3093
433 69 555 107 «37οψ-

76 185 134 221 111110
150 184 227 221 haberi
243 187 313 228 potest
329 185 352 220 in
366 185 408 221 hac
424 188 490 230 terra3
506 185 543 222 illa
558 195 597 228 per
613 195 636 221 se
652 184 749 222 nondum
765 184 836 221 omnis
853 195 902 221 cou-

75 257 146 293 versio
159 257 246 293 exclusa
259 259 296 300 est,
311 257 350 294 sed
363 257 425 295 valde
441 257 542 296 difficilis
555 260 593 295 est.
607 257 669 294 Tales
682 259 808 300 peccatores
823 256 903 294 descri-

76 329 156 366 buntur
169 330 210 372 Sap
226 329 237 365 2
252 319 289 366 ubi
302 340 358 367 vers.
373 330 408 367 21:
427 330 504 367 «Haec
518 329 667 373 cogitaverunt
682 333 702 367 51
716 333 853 367 erraverunt:
869 340 903 366 ex-

77 402 173 438 caecavit
188 402 246 438 5111111
261 402 309 439 11105
325 403 408 440 malitia
424 413 524 441 eorum».
540 401 644 440 Similiter
659 402 679 439 Is
694 403 713 445 5,
728 402 740 439 8
755 412 783 439 ss.

130 474 242 517 Quomodo
263 476 386 512 excaecatio
406 476 527 513 Intellectus
546 479 567 512 et
587 475 702 512 obduratio
723 474 840 511 voluntatis
861 474 904 510 sint

78 546 229 590 concipienda,
245 547 300 584 bene
315 548 406 590 exponit
419 549 541 585 Lessius1¹z

127 664 220 704 «Quarta
233 675 298 704 poena
311 666 423 704 spiritualis
438 669 467 698 est
481 666 591 698 excaecatio
607 669 626 698 et
639 664 750 698 obduratio.
765 665 816 698 Haec
831 669 860 697 est
875 674 906 696 ex-

81 728 144 759 trema
156 729 174 759 et
186 727 275 758 maxima
285 735 396 766 poenarum
406 726 531 759 huius'vvitae
544 729 563 758 et
574 726 661 759 maxime
673 722 814 764 formidabilis,
825 729 847 758 ut
858 735 907 765 quae

81 786 181 820 ordinarie
196 789 242 825 post
259 795 279 819 55
296 786 363 819 trahat
381 789 483 819 aeternum
499 786 582 819 exitium
599 789 619 819 et
635 786 687 818 illud
704 786 850 824 gravissimum.
867 785 908 818 Sita

82 849 110 879 est
122 846 232 879 excaecatio
243 856 283 879 non
294 847 360 880 solum
369 848 390 879 in
402 847 546 880 substractione
556 846 634 879 divinae
644 846 793 886 illustrationis,
804 846 837 878 sed
848 846 909 879 etiam

82 908 103 938 in
116 907 203 946 positiva
215 907 285 939 iudicii
297 908 428 947 perversione,
441 907 492 939 unde
505 906 553 939 haec
566 907 604 940 duo
617 907 642 939 ad
654 907 711 939 illam
724 906 858 946 requiruntur.
872 906 909 939 Ra-

82 967 136 1000 tione
147 968 220 1006 prioris
233 968 265 1007 fit,
278 971 300 1001 111
313 967 411 1000 5111111111
422 977 462 1000 non
475 967 595 1006 intelligant,
607 967 639 1000 vel
650 976 690 1000 non
703 966 857 1007 apprehendant,
870 966 909 999 sai-

83 1030 123 1059 tem
136 1037 158 1060 eo
174 1027 232 1059 modo
247 1037 286 1067 quo
303 1030 349 1066 apta
364 1030 410 1060 sunt
425 1027 521 1060 affectum
535 1037 619 1060 movere.
633 1027 702 1067 Itaque
717 1036 780 1067 neque
795 1037 818 1059 ex
833 1027 910 1060 concio-

83 1087 142 1120 nibus
157 1097 221 1127 neque
237 1097 261 1121 cx
276 1081 382 1126 colloquiis
398 1089 477 1126 piorum
491 1097 554 1126 neque
569 1097 592 1119 ex
608 1087 692 1120 lectione
708 1098 764 1120 sacra
778 1088 866 1120 fructum
882 1097 910 1119 re-

83 1148 155 1181 ferunt.
168 1148 253 1181 Ratione
266 1148 382 1187 posterioris
394 1148 426 1187 fit,
439 1150 461 1180 ut
474 1157 563 1187 perverse
577 1147 600 1180 de
612 1147 670 1181 rebus
684 1149 709 1180 ad
722 1148 807 1181 salutem
820 1150 909 1186 spectan-

83 1208 137 1242 tibus
155 1209 249 1247 iudicent,
268 1208 400 1248 approbantes
419 1208 471 1241 falsa
487 1218 524 1247 pro
540 1209 598 1248 veris,
615 1209 710 1247 pestifera
728 1218 763 1248 pro
782 1208 910 1247 salutaribus,

83 1268 175 1302 tenebras
188 1279 223 1308 pro
237 1269 286 1307 luce,
301 1269 355 1301 mala
369 1278 405 1307 pro
419 1268 483 1307 honis,
497 1272 516 1300 et
531 1278 541 1301 e
556 1268 654 1301 contrario
669 1278 716 1301 vera
730 1279 751 1301 ac
766 1269 864 1302 salutaria
879 1269 910 1300 de-

84 1331 179 1362 testantes
192 1331 215 1361 ut
226 1329 279 1362 falsa
293 1332 312 1362 et
323 1329 471 1368 nocentissima,
484 1332 503 1361 ct
516 1328 580 1361 lucem
591 1338 681 1362 serenam
694 1331 716 1361 nt
727 1329 818 1362 tenebras
832 1331 911 1361 cimme-

85 1390 130 1423 rias.
142 1390 169 1422 De
180 1389 256 1423 talibus
268 1389 341 1422 dicitur
352 1390 416 1422 Isaiae
426 1391 446 1422 5:
459 1389 498 1422 Vae
510 1390 544 1428 qui
556 1389 622 1422 dicitis
633 1390 709 1422 malum
720 1389 795 1422 1101111111
806 1393 825 1422 51
837 1379 911 1422 honum

86 1450 171 1483 malum:
186 1452 282 1489 ponentes
296 1449 387 1483 tenebras
403 1450 467 1483 lucem
481 1452 499 1482 et
515 1450 578 1482 lucem
592 1449 693 1482 tenebras:
711 1453 806 1488 ponentes
823 1459 912 1482 amarum

86 1510 107 1542 111
119 1510 175 1543 dulce
188 1513 207 1543 et
219 1510 275 1543 dulce
287 1510 308 1542 in
322 1519 430 1543 amarum...

135 1569 198 1603 Causa
215 1570 306 1603 efficiens
324 1571 472 1608 excaecationis,
489 1580 528 1609 qua
544 1573 600 1609 parte
615 1571 654 1603 sita
670 1574 700 1603 est
715 1572 736 1603 in
752 1571 815 1603 (livini
831 1570 913 1603 luminis

86 1630 204 1669 privatione,
216 1634 245 1663 est
258 1631 316 1669 neus,
330 1631 364 1669 qui
377 1631 429 1664 iusto
443 1630 522 1669 iudicio,
535 1631 620 1670 peccatis
633 1630 738 1663 hominum
750 1631 771 1662 id
784 1630 913 1670 exigentibus,

88 1690 180 1724 subducit
195 1691 268 1730 lumen,
284 1700 322 1730 quo
338 1691 400 1723 menti
414 1690 513 1723 humanae
529 1691 553 1723 ad
567 1700 633 1723 rerum
647 1691 767 1724 salutarium
781 1691 914 1730 cognitionem

88 1751 138 1783 solet
151 1751 254 1790 affulgere,
268 1751 347 1790 parcius
361 1761 382 1783 ac
396 1751 461 1784 rarius
475 1751 526 1783 illud
540 1752 661 1791 impertiens,
675 1754 694 1784 et
708 1751 775 1784 radios
789 1761 841 1789 suos,
855 1761 879 1783 ne
893 1751 913 1783 in

89 1811 145 1844 illam
165 1811 253 1845 animam
271 1811 379 1850 incurrant,
398 1811 460 1844 veluti
480 1810 579 1850 cohibens,
596 1814 677 1851 propter
695 1811 751 1844 illius
769 1811 914 1850 indignitatem.

88 1871 126 1911 Qui
138 1871 191 1904 enim
205 1871 277 1904 abillo
290 1872 332 1904 sole
345 1871 425 1904 assidue
437 1881 457 1903 se
471 1874 562 1905 avertunt
574 1872 626 1904 etin
639 1871 730 1905 tenebras
743 1874 868 1911 peccatorum
882 1871 915 1904 ab·

89 1932 144 1971 dunt,
158 1931 249 1964 tenebras
263 1931 303 1964 luci
315 1932 455 1971 praeferentes,
469 1931 545 1970 indigni
558 1932 616 1971 plane
629 1935 681 1971 sunt,
696 1933 716 1964 in
729 1942 779 1972 quos
794 1932 824 1965 501
837 1933 872 1965 1115
885 1942 915 1965 rn—

89 1992 171 2025 tionalis
189 1992 255 2025 radios
273 2002 319 2024 51105
337 1992 443 2030 immittat;
462 1993 578 2030 praesertim
595 2002 639 2025 cum
657 2003 712 2025 meus
730 2003 764 2032 per
781 1996 859 2032 peccata
878 1993 915 2025 fiat

90 2055 173 2093 terrena,
187 2053 316 2091 tcnebricosa‚
331 2062 352 2085 ae
368 2053 436 2091 inepta
451 2052 475 2085 ad
489 2052 540 2084 illud
554 2062 626 2092 purum
641 2053 709 2086 lumen
723 2053 866 2092 excipiendum.

137 2112 180 2152 Qua
194 2117 249 2152 parte
264 2123 309 2145 vero
327 2113 366 2145 sita
381 2116 410 2144 est
427 2113 448 2144 in
465 2112 533 2145 iudicii
550 2114 680 2153 perversione,
696 2124 756 2154 causa
773 2115 915 2146 excaecationis

90 2177 120 2206 est
132 2174 206 2215 partim
220 2173 318 2213 diabolus,
331 2173 405 2212 partim
419 2174 462 2212 ipse
475 2173 534 2206 homo
548 2183 583 2213 per
597 2183 653 2207 snam
666 2174 771 2207 malitiam.

138 2234 233 2267 Diabolus
248 2234 334 2273 quidem,
347 2234 395 2273 quia
408 2233 460 2266 Deus
474 2236 554 2273 propter
567 2237 646 2272 peccata
660 2235 745 2267 remittit
759 2235 777 2267 ei
791 2235 885 2274 habenas,
898 2239 916 2267 et

90 2294 189 2333 permittit
204 2297 227 2327 ut
242 2294 319 2327 animos
333 2293 438 2327 hominum
454 2293 534 2327 deludat
549 2298 568 2327 et
584 2295 669 2328 seducat.
686 2294 802 2334 Colligimus
817 2295 838 2327 id
854 2297 917 2328 mani-

92 2355 142 2388 feste
156 2364 179 2387 ex
193 2355 299 2394 Scripturis
313 2355 324 2387 3
338 2354 413 2393 Regum
426 2354 454 2392 22,
469 2358 488 2386 et
500 2354 510 2386 2
525 2354 610 2395 Paralip.
624 2354 664 2388 18...

140 2415 206 2448 Altera
215 2425 275 2448 causa
286 2415 430 2448 excaecationis
441 2424 464 2446 ex
474 2417 529 2453 parte
540 2416 672 2454 perversionis
683 2416 758 2455 iudicii,
768 2419 798 2449 est
808 2417 852 2455 ipsa
860 2416 918 2449 mali-

92 2475 121 2508 tia
135 2475 229 2514 hominis,
242 2485 282 2515 qua
296 2476 384 2514 seipsum
398 2475 510 2507 voluntarie
526 2479 620 2515 excaecat,
634 2486 674 2508 11011
689 2476 755 2509 solum
769 2477 870 2509 meritorie
884 2487 920 2516 per

92 2539 171 2574 peccata
185 2536 265 2575 praevia
282 2536 371 2575 (propter
385 2545 435 2575 quae
449 2536 539 2574 privatur
551 2536 687 2570 illustratione
701 2537 775 2576 divina,
788 2541 807 2570 et
821 2538 919 2577 permitti-

93 2599 126 2629 tur
142 2596 232 2629 illusioni
249 2596 366 2635 diabolicae)
384 2597 418 2629 sed
433 2596 525 2629 effective
542 2600 561 2629 et
577 2598 672 2637 proxime,
690 2598 742 2637 quod
759 2598 785 2632 fit
802 2599 917 2637 dupliciter:

142 2733 158 2753 ¹1
172 2730 199 2762 De
211 2729 366 2768 perfectionibus
379 2729 508 2770 moribusque
520 2730 593 2763 divinis
605 2731 639 2764 lih.
652 2731 726 2771 135111.
740 2732 767 2765 14.
