1952 3093
466 53 587 90 —274-

116 174 134 210 si
146 185 200 217 opus
213 177 348 217 acceptatum
360 178 398 211 est.
410 174 468 211 Haec
481 174 504 210 in
518 175 581 212 bonis
595 174 697 217 operibus
709 174 815 211 iustorum
828 174 939 214 verifican-

115 248 155 283 tur.
168 246 234 283 Adest
244 247 361 290 aequalitas
374 257 417 283 non
429 246 517 290 quidem
530 246 679 290 quantitativa,
691 257 745 290 quae
758 256 802 283 non
815 247 939 292 requiritur,

116 318 154 354 sed
165 317 321 361 proportionis.
334 318 456 354 Praemium
468 320 500 355 est
510 318 578 361 gloria
591 317 698 362 caelestis;
711 318 776 355 homo
789 318 857 355 iustus
870 322 940 357 autem

116 392 147 426 est
157 399 246 425 consors
258 392 346 426 naturae
359 389 452 433 divinae,
463 389 520 426 filius
529 390 569 426 Dei
579 389 700 433 adoptivus,
712 392 733 426 et
743 390 774 426 sic
785 389 808 425 in
821 390 896 426 eodem
907 401 940 427 or-

117 460 167 497 dine
181 461 397 505 supernaturalitatis,
410 462 487 506 inquo
500 464 531 498 est
543 462 674 506 praemium;
687 461 728 498 hac
741 472 779 498 sua
792 460 896 505 dignitate
910 462 940 500 di-

117 533 247 577 gnificantur
259 544 343 578 quoque
358 537 424 577 actus,
440 545 505 578 opera
519 544 573 578 quae
587 536 610 570 ut
624 534 681 570 filius
695 534 735 571 Dei
749 534 864 577 adoptivus
879 534 940 580 facin

116 610 227 649 praeterea
241 607 288 650 ipsa
301 607 354 643 haec
368 618 432 650 opera
448 607 512 644 etiam
526 607 645 644 secundum
659 607 770 644 entitatem
784 617 844 643 suam
857 609 906 644 sunt
919 608 941 645 in

118 679 193 716 eodem
205 678 288 721 ordine,
301 678 352 722 quia
363 682 412 715 sunt
424 682 483 716 actus
495 679 606 715 entitaiive
619 679 800 721 supernaturales.
813 678 880 715 Sicuti
892 689 941 723 ergo

118 750 230 793 proportio
242 753 274 786 est
284 750 341 786 inter
352 750 449 793 gratiam,
460 760 513 793 quae
525 760 564 786 nos
575 750 628 786 tacit
636 750 692 786 filios
703 750 743 786 Dei
754 753 774 787 et
784 750 875 786 heredes
886 750 941 788 vitae

119 824 224 865 aeternae,
241 825 261 858 et
276 821 347 864 ipsam
362 821 419 858 hanc
433 822 500 858 vitam
515 824 630 863 aeternam,
645 821 675 857 ita
691 821 766 857 eadem
782 822 895 864 proportio
912 827 942 858 est

119 894 175 931 inter
187 904 253 937 opera
264 894 436 937 supernaturalia
448 893 542 930 filiorum
553 893 593 930 Dei
605 898 625 931 ei
637 894 703 938 vitam
716 897 831 931 aeternam.
844 893 942 938 Dignitas

119 978 210 1010 operum
226 967 332 1003 iustorum
351 968 373 1002 in
394 967 502 1010 praesenti
522 967 599 1003 ordine
618 966 670 1003 inde
690 966 761 1003 adhuc
781 966 865 1011 crescit,
885 967 942 1010 quod

119 1038 187 1075 iustus
201 1042 224 1075 ut
238 1039 312 1075 vivum
324 1039 444 1075 membrum
458 1038 533 1074 intime
547 1038 675 1075 coniunctus
691 1043 722 1075 est
738 1038 829 1080 Christo,
844 1038 903 1081 quod
917 1050 942 1076 ex

119 1109 200 1146 Christi
216 1111 293 1146 merito
310 1109 380 1152 habet,
395 1113 418 1146 ut
434 1109 503 1152 possit
519 1110 604 1152 mereri,
621 1113 641 1146 et
656 1110 714 1152 quod
731 1120 769 1151 per
787 1112 860 1147 nostra
877 1120 942 1152 opera

119 1180 231 1218 meritoria
246 1181 323 1218 merita
339 1180 418 1218 Christi
435 1180 498 1217 nobis
514 1181 658 1223 applicantur.
672 1181 767 1217 Alterum
783 1181 841 1224 quod
858 1181 885 1217 ad
901 1192 942 1218 me-

120 1254 185 1290 ritum
199 1253 225 1290 de
238 1253 347 1296 condigno
360 1252 482 1297 requiritur,
496 1256 528 1291 est
540 1253 670 1297 acceptatio,
684 1253 737 1290 haec
752 1253 774 1289 in
789 1264 840 1290 casu
852 1252 944 1290 habetur

120 1336 159 1369 per
174 1325 245 1369 ipsam
259 1325 427 1370 promissionem
444 1325 490 1369 Dei,
507 1337 528 1363 se
544 1326 598 1363 velle
614 1326 680 1362 vitam
698 1328 807 1363 aeternam
825 1326 875 1363 dare
892 1328 943 1363 tam-

120 1408 184 1441 quam
198 1397 319 1441 praemium
332 1408 372 1441 pro
386 1397 449 1435 honis
464 1397 573 1441 operibus.

170 1468 227 1512 Ergo
243 1470 288 1506 vita
305 1472 392 1506 aeterna
408 1469 469 1506 iustis
486 1472 640 1512 postmortem
657 1469 720 1506 datur
735 1480 778 1506 non
796 1471 864 1507 solum
882 1470 944 1507 titulo

121 1540 254 1582 hereditatis,
269 1540 307 1577 sed
321 1540 386 1577 eiiam
399 1543 423 1577 ut
435 1540 567 1583 condignum
581 1540 707 1584 praemium,
722 1541 784 1577 titulo
797 1540 889 1578 alicuius
903 1541 944 1578 ius·

121 1611 187 1649 tiliae.
201 1611 259 1649 Haec
273 1614 344 1649 autem
358 1611 440 1649 iustitia
454 1611 540 1649 videtur
554 1622 600 1649 esse
613 1612 751 1656 aliquomodo
766 1612 849 1649 iustitia
863 1612 943 1656 legalis,

121 1684 214 1722 maxime
232 1687 303 1721 autem
321 1684 468 1729 distributiva;
487 1685 605 1722 secundum
622 1696 638 1722 s.
656 1684 761 1722 Thalnam
780 1685 844 1722 etiam
862 1685 944 1722 iustitia

122 1757 227 1801 quaedam
246 1757 399 1794 commutativa
417 1757 448 1793 ihi
465 1756 597 1801 haheturuss,
617 1758 640 1794 id
658 1758 717 1801 quod
734 1761 792 1794 recte
812 1757 856 1794 dici
875 1760 945 1801 potest

122 1832 211 1871 propter
225 1829 392 1871 promissionem
407 1829 447 1864 Dei
462 1831 510 1865 ante
524 1840 577 1871 opus
592 1829 720 1872 praestitum
735 1830 820 1866 tactam.
835 1829 895 1866 Licet
910 1840 945 1866 au·

122 1903 164 1936 tem
180 1911 230 1936 vera
246 1900 367 1936 intercedat
382 1900 465 1936 iustitia
481 1900 503 1935 in
519 1900 630 1937 reddendo
646 1900 750 1943 praemio,
765 1904 836 1937 tamen
853 1911 897 1938 non
913 1900 944 1937 ihi

121 1971 213 2008 habetur
227 1970 286 2015 rigor
300 1971 405 2015 iustitiae3
422 1981 471 2007 nam
489 1981 537 2007 cum
551 1981 623 2014 opera,
639 1982 693 2015 quae
710 1982 735 2008 ex
752 1972 832 2008 nostris
848 1971 944 2015 propriis

122 2043 205 2081 viribus
223 2044 294 2081 tacere
311 2054 432 2087 possumus,
448 2043 529 2080 nullam
546 2043 640 2081 habeant
657 2046 821 2088 proportionem
839 2033 945 2088 adprae-

122 2116 189 2153 mium
203 2119 319 2160 aeternum,
332 2119 376 2154 tota
388 2116 522 2160 possibilitas
535 2116 633 2154 merendi
647 2117 723 2154 nititur
737 2117 759 2153 in
776 2117 838 2154 donis
852 2116 944 2160 gratuito

122 2199 134 2225 a
146 2189 191 2225 Deo
205 2189 268 2226 nobis
283 2189 373 2225 collatis.
388 2187 460 2225 «Cum
473 2188 529 2225 Deus
544 2192 633 2225 coronat
647 2189 723 2225 merita
736 2192 816 2234 nostra,
830 2189 860 2226 ita
874 2201 891 2226 s.
905 2188 945 2225 Au-

122 2259 226 2304 gustinus,
239 2259 295 2295 nihil
309 2259 368 2296 aliud
380 2262 476 2302 coronat,
489 2270 553 2303 quam
567 2270 656 2303 munera
669 2271 733 2297 sua».

176 2331 336 2373 «Augmentum
354 2330 466 2373 gratiaea:
486 2330 615 2374 Intelligitur
632 2332 701 2374 gratia
718 2331 862 2368 sanctificans.
880 2331 944 2368 Thesi

124 2402 148 2439 12
163 2402 206 2439 iam
221 2405 330 2440 ostensum
345 2405 377 2440 est
390 2402 495 2440 iustitiam
509 2402 560 2439 iusti
576 2413 673 2440 crescere
686 2414 726 2447 per
739 2414 805 2447 opera
820 2403 877 2441 hona
892 2413 945 2447 uuae

123 2523 266 2530 -=---·-———-

170 2598 197 2620 1³⁸
211 2596 265 2627 «Illa
277 2596 342 2627 forma
354 2595 416 2627 divini
428 2595 497 2627 iudicii
508 2596 617 2627 attenditur
628 2596 735 2627 secundum
747 2596 845 2628 rationem
856 2595 945 2628 iustitiae

123 2655 282 2693 cornmutativae,
296 2657 355 2692 prout
370 2655 444 2687 scilicet
458 2657 632 2693 recompensantur
646 2655 734 2693 praemia
747 2655 823 2687 meritis
838 2657 856 2686 et
871 2654 946 2693 suppli-

124 2715 154 2747 cia
165 2715 274 2753 peccatis».
286 2714 303 2747 S.
316 2714 351 2747 Th.
365 2715 381 2754 2,
394 2715 404 2747 2
418 2725 436 2753 q.
450 2715 470 2747 61
486 2725 502 2747 a.
516 2715 527 2746 4
540 2715 565 2747 ad
577 2715 593 2747 1.
