1952 3093
453 20 487 64 ’-
502 37 538 74 138
553 60 580 64 -

107 166 201 210 aliquam
217 167 309 203 formam
325 165 481 209 recipiendam.
496 165 614 202 Palmieri4
629 176 675 201 earn
693 164 777 201 definit:
797 164 880 201 «realis
895 164 931 202 ha-

107 237 182 275 bitudo
197 238 295 281 subiecti,
308 249 350 281 qua
363 237 483 275 subiectum
497 248 536 280 per
549 248 571 274 se
585 237 716 274 indifferens
731 239 839 274 actuatum
853 237 931 273 consti-

108 310 175 346 tuitur
187 311 236 353 plus
248 310 320 346 minus
333 310 432 353 proxime
445 309 548 347 idoneum
561 309 588 346 ad
602 309 694 347 formam
707 308 896 352 suscipiendam».
910 308 932 346 Si

108 381 228 419 subiectum
243 381 355 419 constituit
367 384 448 420 remote
462 382 571 425 idoneum,
585 384 617 418 est
630 380 745 424 dispositio
765 382 893 423 remota,
914 381 932 418 si

107 453 213 497 proxime,
227 457 258 491 est
275 454 416 497 proxima
427 466 431 498 ;
453 453 567 497 dispositio
580 456 661 490 remota
672 452 771 496 mediate,
784 453 884 496 proxima
894 452 933 490 irn-

108 526 200 563 mediate
210 536 259 562 cum
269 526 338 563 forma
348 526 490 563 connectitur.
499 525 644 568 Distinguitur
653 535 719 568 porro
729 524 844 567 dispositio
859 523 933 568 phy-

109 597 174 635 sica
195 601 215 635 et
234 598 376 640 moralis,
397 600 462 641 prout
476 597 596 634 subiectum
609 596 700 641 physice
714 597 747 633 vel
762 596 873 634 moral—iter
887 596 933 634 ido-

108 680 172 706 neum
185 670 258 706 reddit
270 671 300 707 ad
313 670 404 707 formam
419 669 574 713 recipiendam.

159 753 190 790 Ab
206 754 247 790 hac
262 753 405 797 dispositione
428 753 569 797 positiva
591 753 731 797 distinguitur
747 752 862 796 dispositio
884 763 933 790 ne-

108 826 193 869 gativ
201 837 226 868 a,
244 837 298 869 quae
310 829 341 862 est
352 825 449 862 absentia
459 825 610 869 impedimenti
622 828 697 862 contra
707 825 829 868 ingressum
840 825 932 870 tormae;

109 898 163 934 haec
178 900 248 934 autem
264 901 295 934 est
312 897 426 941 dispositio
442 907 506 934 sensu
520 897 592 934 minus
607 897 705 941 proprio.

164 981 303 1019 Considerari
316 984 387 1024 potest
402 981 516 1024 dispositio
536 981 565 1017 in
595 981 678 1018 iacto
700 991 765 1018 esse
786 984 807 1018 et
828 980 858 1017 in
878 980 933 1017 fie-

109 1053 135 1089 ri
147 1064 151 1097 ;
172 1054 195 1089 in
208 1053 265 1090 tacto
279 1063 325 1090 esse
337 1056 369 1090 est
380 1053 417 1090 illa
430 1052 537 1090 idoneitas
550 1053 661 1096 hucusque
675 1053 793 1098 descripta;
807 1052 889 1089 infieri
903 1056 934 1089 est

110 1125 144 1161 vel
161 1124 277 1168 productio
295 1124 420 1161 idoneitatis
443 1124 566 1168 (dispositio
585 1124 694 1167 positiva),
711 1125 745 1161 vel
762 1134 805 1161 non
825 1124 933 1168 appositio

110 1196 261 1239 impedimenti
277 1196 401 1239 (dispositio
415 1195 529 1239 negativa).

161 1279 193 1315 Ex
208 1280 272 1317 dietis
288 1282 378 1323 apparet
393 1279 517 1317 differentia
532 1280 590 1317 inter
604 1280 705 1317 meritum
720 1283 740 1317 et
756 1280 932 1323 dispositionem:

112 1352 212 1388 meritum
231 1350 375 1389 essentialiter
392 1351 483 1396 respicit
499 1352 597 1395 alterurn,
616 1352 639 1388 in
657 1352 718 1389 cuius
736 1351 863 1396 obsequium
881 1362 935 1395 opus

111 1426 242 1468 praestatum
257 1423 280 1459 in
295 1423 438 1467 dispositione
451 1424 500 1460 talis
515 1423 590 1461 relatio
604 1423 631 1461 ad
645 1424 735 1461 alterurn
747 1434 791 1460 non
806 1423 935 1460 continetur.

112 1494 176 1531 Actus
195 1495 318 1538 dispositivi
334 1498 358 1532 ut
374 1495 426 1532 tales
442 1506 486 1533 non
503 1498 553 1532 sunt
569 1496 693 1533 necessario
709 1496 842 1539 obsequium,
860 1495 898 1533 sed
913 1499 936 1532 ut

111 1567 164 1603 tales
179 1566 255 1603 dicunt
267 1566 424 1610 perfectionem
437 1567 535 1611 subiecti,
550 1578 591 1611 qua
606 1567 725 1604 subiectum
740 1567 879 1610 recipiendae
894 1566 935 1603 for-

112 1648 159 1675 mae
175 1637 278 1675 idoneum
292 1638 398 1675 redditur.
414 1638 512 1676 Attamen
527 1639 594 1675 iidem
611 1642 677 1682 actus,
694 1639 731 1682 qui
748 1642 797 1675 sunt
814 1638 935 1682 dispositio,

113 1710 177 1746 simul
189 1713 281 1753 possunt
294 1710 374 1747 habere
388 1711 494 1747 rationem
508 1710 606 1760 obsequii
621 1720 671 1754 erga
684 1711 780 1751 alterum„
795 1714 815 1747 et
829 1711 859 1747 ita
873 1710 936 1747 simul

112 1781 191 1818 habere
207 1781 314 1818 rationem
330 1781 408 1819 meriti.

112 1976 124 2009 l.
138 1976 181 2010 Nihil
194 1986 252 2010 eorum
265 1986 308 2017 qnae
320 1977 458 2010 testificationem
472 1979 573 2010 antecedunt
586 1987 621 2011 ean
635 1981 714 2011 meretur.

166 2099 290 2136 Notandum
302 2103 334 2136 est
345 2111 389 2137 non
402 2099 499 2137 sufficere
510 2101 630 2143 ostendere,
642 2100 753 2137 hominem
764 2098 809 2137 non
820 2111 883 2143 posse
896 2111 937 2136 me-

114 2172 157 2208 reri
171 2171 346 2209 iustificationem
362 2172 445 2209 actibus
460 2171 539 2208 virium
555 2172 691 2214 naturalium,
707 2182 776 2216 neque
792 2172 894 2216 operibus
909 2172 937 2209 le-

113 2242 154 2287 gis;
166 2254 235 2287 neque
245 2242 323 2280 sufficit
333 2243 446 2281 ostendere
456 2243 547 2286 gratiam
555 2244 620 2287 illam,
630 2255 691 2288 quae,
700 2244 731 2280 uti
741 2244 764 2280 in
774 2244 872 2288 sequenti
882 2243 937 2280 thesi

60 2322 63 2326 ·
114 2314 201 2358 dicitur,
214 2315 311 2362 adactus
324 2315 464 2359 disponentes
475 2317 507 2352 est
519 2315 647 2358 necessaria,
660 2326 704 2353 non
717 2327 763 2353 esse
775 2316 884 2353 obiectum
896 2326 937 2352 me-

114 2386 160 2430 riti;
177 2396 227 2423 nam
243 2386 273 2423 ita
287 2387 384 2424 nonduin
400 2386 523 2424 excluditur
537 2387 647 2424 hominem
663 2398 727 2431 posse
742 2387 821 2424 mereri
837 2387 937 2424 iustifica-

114 2457 195 2494 tionem
206 2457 261 2501 ipsis
273 2457 357 2495 actibus
366 2469 420 2502 quos
431 2469 480 2495 cum
491 2458 573 2495 auxilio
584 2459 665 2502 gratiae
674 2459 722 2496 sine
734 2459 811 2513 merito
823 2469 938 2496 concessae

115 2529 183 2573 elicit;
201 2530 239 2567 sed
255 2530 413 2567 ostendendum
430 2533 461 2566 est
476 2530 546 2574 ipsam
563 2530 738 2568 iustificationem
753 2530 776 2566 in
793 2542 815 2568 se
832 2541 876 2568 non
893 2541 938 2567 esse

161 2700 169 2720 4
183 2696 209 2727 lle
226 2696 294 2728 Gratia
309 2696 376 2728 divina
394 2697 473 2734 actuali,
490 2704 533 2735 pag.
550 2697 589 2728 278.
