1952 3093
391 29 499 79 -.39-

37 151 154 194 obruerint.
169 152 190 189 Si
203 151 261 189 enim
276 161 313 195 ego
328 150 433 189 exsistens
448 150 470 187 in
485 153 575 194 peccato
588 149 674 188 mortali
689 160 777 194 possum
792 149 863 186 tacere

38 225 124 270 aliquod
137 225 265 268 opusculum
277 225 335 268 quod
348 235 392 261 non
406 224 475 261 solum
489 224 608 260 secundum
621 223 763 260 substantiam
777 222 806 259 sit
819 232 864 266 gra-

39 304 81 337 tum
96 298 147 340 Deo,
162 296 199 333 sed
214 296 279 333 etiarn
294 296 363 339 possit
378 296 457 333 mereri
472 295 563 339 gratiam
579 295 605 333 de
619 304 724 339 congrum
741 297 761 331 et
776 293 814 331 ubi
828 293 865 331 ha-

38 375 103 411 buero
115 371 212 414 gratiam,
224 381 312 413 possum
325 370 397 407 facere
410 381 476 413 opera
490 369 609 406 secundum
620 368 717 412 gratiam,
731 369 755 405 id
768 371 800 405 est
814 368 865 405 dile-

39 445 131 481 ctionem
146 446 166 478 et
181 443 293 486 acquirere
309 443 335 478 de
350 443 396 478 iure
412 442 479 477 vitam
493 444 613 477 aeternam:
632 440 688 483 Quid
704 441 747 476 iam
763 451 817 482 opus
834 442 865 476 est

39 516 91 555 mibi
105 515 174 560 gratia
187 515 233 559 Dei,
248 515 376 553 remissione
390 517 535 559 peccatorum,
550 513 702 558 promissione,
717 516 786 551 morte
800 515 821 551 et
835 512 865 549 vi-

40 590 107 627 ctoria
125 588 218 626 Christi‘l
236 587 333 626 Christus
349 588 413 631 plane
430 587 473 624 iam
490 587 545 623 mihi
562 587 644 624 otiosus
662 589 699 623 est.
717 586 791 623 Habeo
807 585 865 622 enim

39 662 130 700 liberum
144 659 258 697 arbitrium
273 663 293 697 et
305 660 363 697 vires
377 659 474 697 faciendi
486 659 567 697 bonum
582 669 636 703 opus
649 669 688 702 per
702 657 760 703 quod
774 657 866 702 gratiam

40 745 122 772 mereor
144 734 169 770 de
190 744 285 777 congruo
305 737 325 770 et
345 736 420 776 postea
439 733 505 769 vitam
526 735 636 769 aeternam
657 732 683 768 de
704 731 813 774 condigno
822 743 833 766 »
842 734 866 765 2⁵.

41 806 128 849 «Quare
141 816 190 842 cum
202 805 268 842 Paulo
280 806 302 840 in
315 808 383 841 totum
396 814 499 847 negamus
512 804 613 840 meritum
626 803 717 846 congrui
729 805 749 839 et
762 801 866 845 condigni

41 883 60 917 et
75 882 133 916 certa
149 878 229 916 fiducia
244 877 410 922 pronuntiamus
427 877 479 915 istas
497 875 655 919 speculationes
673 886 719 913 esse
736 885 795 912 mera
811 874 867 912 ludi-

40 952 87 989 bria
103 951 194 988 Satanae
211 962 327 994 numquam
344 951 401 986 lacta
419 954 454 987 aut
472 949 577 992 exemplis
595 951 687 985 ostensa.
703 947 791 985 Nemini
809 947 867 984 enim

41 1033 134 1068 unquam
149 1022 209 1060 dedit
221 1023 278 1059 Deus
291 1022 382 1066 gratiam
395 1024 415 1059 et
427 1022 494 1058 vitam
508 1023 617 1058 aeternam
631 1030 671 1064 pro
685 1019 762 1057 merito
777 1017 867 1063 congrui

42 1100 61 1134 et
74 1095 196 1140 condigni»
205 1099 229 1133 2⁶.

91 1168 122 1203 Ex
139 1168 203 1204 dietis
221 1168 285 1204 iacile
302 1170 371 1210 patet:
391 1168 409 1204 si
426 1168 449 1203 in
467 1168 571 1205 relatione
587 1168 683 1205 hominis
700 1170 822 1211 peccatoris
841 1170 868 1206 ad

41 1240 108 1277 Deum
121 1239 210 1278 mutatio
224 1239 295 1285 aliqua
307 1240 428 1278 intercedat
444 1239 592 1286 (iustificatiol,
604 1240 669 1279 homo
683 1240 765 1285 ipsein
779 1241 821 1279 hoc
833 1253 868 1279 ne-

43 1313 99 1356 gotio
117 1299 203 1356 passive
220 1314 309 1350 omnino
328 1325 350 1350 se
367 1313 438 1350 habet.
458 1313 555 1351 Christus
573 1324 613 1357 pro
629 1314 755 1352 hominibus
773 1315 818 1352 Deo
838 1327 868 1352 sa-

43 1384 123 1420 tisfecit
142 1395 220 1428 eosque
239 1387 308 1421 morte
328 1395 366 1421 sua
384 1385 481 1429 redemit,
500 1385 537 1429 qui
557 1388 577 1421 et
595 1386 719 1428 interpellat
738 1397 778 1429 pro
798 1386 869 1423 nobis.

43 1456 109 1494 Huius
124 1460 194 1495 autem
207 1458 364 1501 redemptionis
379 1457 460 1496 Christi
473 1458 539 1496 homo
553 1458 663 1503 particeps
676 1458 700 1496 fit
711 1458 760 1496 fide.
775 1459 833 1497 Haec
847 1459 869 1495 fi-

44 1529 80 1566 des
91 1530 163 1572 potius
175 1530 247 1573 passio
259 1533 290 1567 est
301 1541 365 1574 quam
377 1531 439 1574 actio,
451 1535 536 1568 nonest
548 1531 626 1575 facere,
637 1531 675 1568 sed
685 1531 790 1574 recipere.
803 1531 869 1568 «Non

44 1601 100 1637 enim
118 1604 198 1639 norunt
218 1601 347 1646 (Sophistae)
365 1601 430 1640 fidem
448 1613 494 1640 esse
510 1602 650 1640 mutationem
668 1606 689 1640 et
706 1602 869 1641 renovationem

44 1675 108 1712 totius
120 1678 215 1719 naturae,
227 1679 251 1713 ut
261 1686 329 1720 aures
342 1676 406 1719 oculi,
419 1688 457 1714 cor
467 1677 539 1720 ipsum
550 1687 639 1720 prorsus
653 1676 762 1713 diversum
774 1676 869 1720 audiant,

44 1747 137 1790 videant,
154 1748 248 1784 sentiant
265 1748 291 1784 ab
308 1748 408 1784 omnibus
425 1748 473 1785 aliis
490 1748 622 1786 hominibus.
638 1747 676 1785 Est
693 1747 751 1785 enim
767 1748 820 1785 fides
836 1759 870 1785 res

44 1817 107 1856 vivax
123 1821 142 1857 et
157 1822 244 1864 potens:
262 1830 305 1858 non
321 1823 353 1857 est
366 1820 439 1858 ociosa
455 1819 563 1865 cogitatio,
577 1831 617 1858 nec
631 1819 715 1858 innatat
731 1820 799 1865 cordi,
815 1820 871 1858 siout

45 1903 107 1929 anser
119 1904 197 1937 aquae:
213 1894 251 1930 sed
265 1893 321 1930 sicut
333 1904 387 1937 aqua
400 1894 445 1937 igni
460 1894 570 1936 calefacta,
585 1894 625 1930 etsi
639 1905 694 1937 aqua
706 1896 785 1936 manet,
799 1896 870 1930 tamen

45 1973 87 1999 non
102 1964 195 2007 amplius
209 1964 295 2008 frigida,
310 1965 348 2001 sed
363 1964 434 2001 calida
447 1968 467 2001 et
479 1975 568 2007 prorsus
583 1965 626 2001 alia
639 1976 694 2009 aqua
708 1967 750 2003 est:
767 1965 797 2001 ita
810 1964 870 2005 fides.

46 2037 134 2080 spiritus
149 2038 219 2075 sancti
233 2049 294 2082 opus,
309 2038 373 2075 aliam
387 2041 481 2075 mentem
496 2042 516 2075 et
531 2049 606 2075 sensus
621 2037 675 2075 alios
688 2037 755 2082 fingit,
771 2049 796 2075 ae
810 2049 871 2082 pror·

46 2119 80 2145 sus
93 2120 172 2147 novum
187 2110 240 2146 lacit
253 2111 370 2146 hominem.
383 2110 421 2146 Est
434 2111 499 2153 igitur
513 2110 566 2147 >tides
579 2121 676 2153 operosa,
691 2110 785 2146 difficilis
801 2113 821 2147 et
835 2121 872 2152 po·

46 2182 92 2218 tens
106 2192 150 2218 res:
167 2192 192 2218 ac
206 2182 223 2218 si
238 2192 287 2218 vere
300 2181 413 2219 aestimare
427 2173 531 2225 volumus,
546 2181 614 2226 magis
628 2185 660 2219 est
673 2181 746 2225 passio
760 2192 824 2226 quam
839 2192 872 2218 ac-

46 2254 82 2297 tio,
97 2258 164 2292 mutat
179 2255 236 2292 enim
253 2255 336 2292 animos
350 2258 371 2292 et
384 2266 458 2292 sensus
467 2268 478 2291 >>
487 2259 511 2293 2⁷,
527 2255 649 2292 «Sublimis
663 2258 684 2292 et
698 2264 775 2298 magna
791 2266 825 2292 res
841 2257 872 2292 est

46 2325 113 2362 Deum
128 2327 208 2363 habere
225 2327 340 2369 placatum.
356 2326 425 2369 Igitur
440 2327 503 2369 longe
521 2326 563 2363 alio
580 2326 698 2363 Mediatore
715 2326 747 2363 ibi
763 2337 816 2369 opus
834 2329 872 2368 est,

47 2408 110 2442 quam
123 2399 198 2443 Moses,
212 2400 246 2436 vel
260 2399 309 2443 Lex,
324 2410 388 2443 quarn
402 2402 475 2436 nostra
489 2399 595 2442 voluntas,
608 2410 672 2443 quam
687 2398 751 2448 etiam
764 2398 832 2442 gratia
846 2399 873 2436 sit

93 2576 111 2598 25
125 2573 147 2605 In
160 2572 222 2613 Epist.
237 2572 254 2606 S.
269 2572 326 2605 Pauli
341 2572 365 2605 ad
379 2571 420 2605 Gal.
435 2571 543 2604 Comment.
560 2571 630 2609 (1535).
645 2571 679 2609 Op.
694 2580 746 2603 omn.
760 2569 788 2602 io.
802 2570 818 2608 l,
833 2569 873 2601 220.

94 2638 112 2659 ²6
126 2634 175 2666 Ibid.
187 2634 230 2671 223;
245 2634 269 2666 cf.
283 2634 327 2671 291;
341 2633 382 2666 302.

95 2698 111 2718 2⁷
125 2694 147 2725 In
162 2694 170 2725 1
185 2693 219 2725 lib.
233 2694 285 2725 blase
299 2702 376 2724 ennarr.
390 2692 423 2730 Op.
438 2701 490 2724 omn.
504 2691 532 2723 42.
547 2691 586 2723 452,
