1952 3093
463 39 585 75 -226-

112 162 170 197 enim
184 161 278 197 Iudaeus
287 161 355 197 etiam
366 161 514 204 cognitionem
526 161 579 203 legis
595 161 699 197 naturalis
713 160 812 197 hahebat.
826 161 851 197 Id
866 164 935 200 tamen

112 233 169 276 quod
181 233 290 276 apostolus
302 233 327 269 de
336 233 423 269 interna
432 234 469 270 illa
480 243 552 276 pugna
562 233 616 269 dicit
626 243 669 269 non
681 233 749 270 solum
761 233 787 269 de
796 233 889 277 Iudaeis,
900 237 937 272 sed

114 305 177 341 etiam
192 305 218 342 de
232 304 331 348 gentibus
345 305 410 349 valet;
426 316 476 341 nam
491 309 511 341 et
525 305 558 340 illi
573 305 691 341 seeundum
707 305 829 342 doctrinam
845 307 936 348 apostoli

116 377 142 418 (e,
153 376 173 418 2)
185 376 423 420 hahent'oognitionem
436 377 488 420 legis
501 377 611 419 naturalis,
623 380 643 413 et
655 377 707 413 hinc
719 377 777 420 quod
790 377 817 413 ad
828 377 888 414 illam
900 389 937 420 pu-

113 457 176 491 gnam
186 448 270 491 attinet,
282 459 327 485 non
339 452 400 485 erant
412 449 435 485 in
448 449 537 485 meliore
550 449 676 485 conditione
688 459 752 493 quam
764 449 845 485 Iudaei.
867 442 869 444 ’

166 520 222 563 Ergo
240 521 358 557 secundum
376 521 497 557 doctrinam
514 533 530 557 S.
548 521 671 563 Scripturae
689 521 753 557 homo
770 521 793 556 in
811 521 846 557 via
864 522 937 559 salutis

114 593 252 636 impugnatur
264 604 277 630 a
291 593 384 636 diaholo,
398 604 409 629 a
424 603 497 636 earne3
513 597 630 629 occurrunt
642 593 662 629 ei
674 593 810 635 tentationes,
825 604 877 637 quas
892 594 938 631 sine

115 663 195 700 auxilio
209 664 283 701 divino
297 675 340 700 non
355 665 471 707 superabit.

486 881 567 917 Parnes
573 916 575 919 ,

171 1037 190 1073 S.
200 1037 294 1073 Ioannes
307 1036 493 1073 Cnnrsosromus:
508 1036 608 1073 «Fidelis
619 1037 683 1079 Deus,
695 1037 731 1080 qui
742 1046 785 1072 non
798 1037 891 1079 patietur
903 1047 940 1072 vos

117 1109 195 1144 tentari
208 1119 273 1151 supra
285 1109 308 1144 id
320 1109 378 1151 quod
389 1108 486 1150 potestis.
497 1107 552 1151 Ergo
566 1111 615 1144 sunt
626 1108 756 1145 tentationes
766 1119 820 1151 quae
831 1108 884 1144 ferri
897 1119 940 1144 non

117 1183 214 1223 possunt.
228 1179 254 1216 Et
268 1190 373 1224 quaenam
386 1180 448 1216 illae‘?
463 1179 548 1226 Omnes,
561 1183 585 1216 ut
598 1180 628 1216 ita
643 1180 723 1223 dicam3
738 1183 832 1223 potestas
846 1180 903 1216 enim
918 1181 940 1215 in

117 1251 157 1288 Dei
169 1251 250 1288 auxilio
262 1252 302 1288 sita
315 1255 352 1294 est,
363 1263 427 1296 quam
439 1263 478 1294 per
489 1252 620 1288 voluntatem
632 1256 727 1288 nostram
741 1252 874 1289 attrahimus.
888 1252 941 1295 Qua-

118 1323 221 1366 mobrem,
232 1327 257 1360 ut
269 1323 340 1360 discas
353 1326 452 1360 accurate
465 1324 524 1367 quod
536 1334 579 1360 non
593 1324 661 1361 solum
672 1324 721 1360 illas
733 1335 787 1367 quae
800 1327 895 1360 nostram
909 1335 942 1360 su-

118 1399 195 1437 perant
210 1398 344 1438 potestatem,
360 1396 398 1432 sed
412 1405 481 1439 neque
496 1396 561 1432 hasce
577 1396 681 1431 humanas
698 1396 805 1438 possimus
822 1396 870 1432 sine
883 1396 941 1432 illius

118 1468 198 1504 auxilio
210 1469 274 1504 facile
286 1469 348 1509 serre,
358 1468 480 1504 subiunxit:
493 1468 533 1505 Sed
545 1469 609 1504 faciet
621 1480 668 1504 oum
679 1468 797 1504 tentatione
808 1471 942 1511 proventum,

118 1543 141 1575 ut
154 1540 242 1582 possitis
256 1540 361 1576 sustinere
370 1552 380 1574 »
389 1543 423 1576 24⁵.
436 1563 464 1566 —
478 1552 488 1574 «
497 1540 545 1576 Noli
560 1540 703 1582 paralyticum
717 1540 780 1577 laude
794 1540 887 1582 privare,
902 1551 941 1576 ner

118 1611 179 1647 illum
192 1621 232 1647 nec
245 1611 312 1647 alium
327 1611 437 1648 hominem
453 1612 549 1654 quemvis
565 1612 601 1654 qui
615 1615 708 1648 tentetur
724 1615 743 1647 et
758 1612 865 1654 patienter
880 1612 941 1647 ierat.

119 1683 260 1725 Quantumvis
274 1684 331 1719 enim
345 1689 409 1726 saepe
421 1683 606 1726 philosophemur,
619 1684 717 1726 quamvis
730 1684 826 1720 omnium
840 1684 942 1720 robustis·

119 1755 168 1790 simi
182 1756 254 1791 simusv
264 1766 289 1791 ac
300 1755 440 1796 validissimi,
456 1756 474 1791 si
488 1756 526 1791 Dei
542 1755 597 1791 absit
612 1755 722 1797 auxilium,
738 1766 764 1792 ne
778 1755 883 1791 mediocri
898 1756 943 1798 qui-

121 1826 302 1869 dempoterimus
316 1826 431 1863 tentationi
445 1826 551 1863 resistere.
567 1826 608 1863 Sed
622 1827 675 1870 quid
691 1811 731 1869 ego
745 1827 770 1862 de
785 1826 847 1863 nobis
863 1827 942 1863 vilibus

120 1900 140 1934 et
149 1897 241 1934 abiectis
253 1897 343 1941 loquar?
354 1897 415 1934 Licet
426 1897 504 1934 Paulus
518 1898 545 1934 sit
558 1898 635 1941 aliquis
648 1901 684 1934 aut
695 1898 776 1940 Petrus
788 1898 840 1934 licet
852 1898 942 1934 lacobus

120 1974 155 2005 aut
170 1970 268 2013 loannes,
284 1970 382 2006 subsidio
399 1970 485 2006 caelesti
502 1970 598 2012 privatus
616 1970 679 2006 facile
695 1970 791 2006 vincitur
807 1975 827 2006 et
843 1971 944 2012 supplan-

120 2045 176 2077 tatur
188 2045 207 2078 et
218 2042 419 2085 concidit...'Neque
431 2045 512 2077 tantum
526 2042 547 2076 in
559 2042 668 2084 perieulis,
680 2052 734 2085 qnae
746 2042 803 2078 vires
815 2030 900 2078 nostras
911 2053 944 2078 ex-

120 2115 205 2156 cedunt,
219 2113 358 2156 sedjinipsis
370 2114 434 2151 etiam
447 2124 500 2156 quae
513 2124 556 2150 non
570 2114 682 2157 excedunt,
696 2114 783 2150 caelesti
796 2113 875 2149 auxilio
889 2114 945 2149 indi-

120 2196 199 2227 stemus,
214 2188 238 2222 nt
252 2181 354 2228 generose
369 2185 477 2228 possimus
494 2185 598 2221 obsistere
607 2198 617 2220 »
626 2189 660 2221 24⁶.

168 2257 194 2294 ’3.
206 2257 346 2293 Amnnosrus‘:
362 2256 404 2294 «Si
417 2256 548 2298 consideres,
561 2257 612 2300 quia
625 2257 693 2293 iustus
707 2257 743 2292 vix
756 2258 828 2293 salvus
840 2256 869 2299 tit,
883 2257 944 2293 intel-

121 2329 395 2372 ligis-protectoetipsius
408 2338 570 2372 nonnumquam
584 2329 677 2365 titubare
690 2328 786 2371 vestigia,
801 2332 821 2365 et
835 2332 943 2365 auotorem

123 2401 275 2437 declinationis
290 2411 364 2437 eorum
376 2401 445 2437 Deum
460 2400 539 2444 videri;
556 2401 606 2444 quia
620 2400 667 2443 ipse
682 2412 766 2444 quoque
780 2401 862 2443 patitur
876 2401 943 2438 iustos

122 2484 185 2516 saepe
199 2473 283 2515 tentari,
299 2484 341 2516 qno
356 2473 424 2515 magis
439 2472 559 2515 probentur
574 2472 729 2525 tentationibus
744 2472 830 2509 eruditi.
846 2472 897 2515 Quis
914 2471 945 2509 est

171 2639 197 2659 2⁴5
211 2636 232 2666 ln
247 2635 303 2673 epist.
316 2635 324 2665 1
340 2635 363 2666 ad
375 2635 416 2666 Cor.
430 2635 482 2666 hom.
494 2634 522 2672 24,
535 2635 554 2671 1;
567 2634 601 2667 MG
613 2635 641 2673 61,
654 2634 697 2671 19&
711 2634 727 2666 R
741 2635 792 2666 1191.

171 2699 197 2719 2⁷4⁰
212 2695 283 2734 Homih
297 2695 316 2725 in
329 2695 468 2733 paralyticum
480 2695 499 2731 2:
513 2695 546 2726 ttG
559 2695 586 2732 51,
598 2696 629 2732 513
643 2695 658 2726 R
672 2695 723 2726 1210.
