1952 3093
486 34 595 72 -35-

129 154 165 192 hic
182 155 238 192 nihil
255 156 347 201 excipio,
363 167 403 195 nec
418 158 522 195 unionem
538 169 577 195 nec
594 158 737 203 sanctitatem,
755 158 793 197 sed
810 162 877 197 totum
895 159 955 200 dedit

130 228 184 264 mihi
202 228 258 265 sicut
275 229 344 267 sibi».
361 230 425 274 Prop.
443 230 479 268 12:
499 231 630 276 «Quidquid
647 232 701 269 dicit
719 243 780 269 sacra
798 232 910 276 Scriptura
929 234 954 272 de

130 298 222 344 Christo,
234 301 277 338 hoc
288 302 353 339 etiam
366 306 434 340 totum
446 303 569 341 verificatur
583 304 609 341 de
622 305 682 342 omni
694 305 752 342 bono
766 307 786 342 et
800 304 875 343 divino
887 305 955 344 homi-

130 384 183 410 ne».
198 372 262 417 Prop.
277 374 312 411 13:
330 374 461 420 «Quidquid
476 377 590 420 proprium
607 380 638 427 est
655 377 741 415 divinae
757 380 852 421 naturae,
868 367 911 415 hoc
925 382 954 417 to-

130 448 175 482 tum
188 446 302 489 proprium
318 451 350 484 est
363 447 448 485 homini
463 448 519 485 iusto
535 452 555 486 et
571 449 655 493 divino,
672 452 761 493 propter
776 449 818 487 hoc
834 450 874 487 iste
889 450 954 490 homo

130 520 232 560 operatur
246 518 353 563 quidquid
367 520 424 557 Deus
439 523 547 564 operatur,
561 524 581 558 et
596 521 678 558 creavit
690 532 733 559 una
749 533 798 559 cum
812 522 857 559 Deo
872 523 955 561 caelum

130 593 150 627 et
164 593 250 634 terram,
265 595 285 628 et
297 594 329 628 est
340 585 454 636 generator
466 593 532 630 Verbi
546 594 634 638 aeterni,
650 598 670 632 et
683 594 740 631 Deus
755 594 802 631 sine
815 595 853 631 tali
867 594 955 634 homine

130 663 224 700 nesciret
240 663 358 709 quidquam
373 664 496 702 facere»²³.
518 664 663 708 Melinos,
685 676 747 710 prop.
764 667 786 703 5:
813 666 891 703 «Nihil
906 678 955 711 ope·

130 735 199 773 raudo
211 735 284 774 anima
297 748 319 774 se
332 737 438 774 annihilat
452 740 472 774 et
486 738 513 774 ad
527 748 588 774 suum
602 737 736 781 principium
749 738 806 775 redit
820 741 840 775 et
854 739 882 776 ad
896 750 955 777 suani

130 808 243 852 originem,
260 820 314 853 quae
331 812 362 846 est
378 809 470 847 essentia
485 809 531 853 Dei,
548 810 571 846 in
589 821 630 854 qua
647 811 801 848 transformata
818 814 914 848 remanet
931 823 955 849 ac

132 880 255 925 divininata,
271 885 291 919 et
306 882 363 919 Deus
378 885 429 919 tuuc
445 882 468 918 in
485 893 507 919 se
524 882 572 926 ipso
589 886 694 928 remanet;
711 883 762 928 quia
778 886 830 920 tunc
846 894 890 921 uon
907 888 955 921 sunt

131 953 224 997 amplius
240 954 294 991 duae
308 965 342 991 res
356 954 436 998 unitae,
451 954 488 991 sed
503 965 546 991 una
561 957 650 1000 tantum,
666 958 686 992 et
700 955 742 992 hac
758 955 841 993 ratione
855 956 912 993 Deus
926 956 955 993 vi-

130 1025 162 1063 vit
175 1028 196 1063 et
209 1029 284 1070 regnat
298 1026 320 1062 in
335 1026 405 1069 nohis,
420 1030 441 1064 et
454 1027 526 1063 anima
541 1038 563 1065 se
577 1027 648 1071 ipsam
663 1027 770 1064 annihilat
784 1028 807 1064 in
821 1038 867 1065 esse
882 1039 955 1071 opera-

131 1098 175 1136 tivo
184 1110 194 1134 »
203 1101 228 1135 ²4.

183 1170 278 1215 Adoptio
293 1175 310 1197 ²⁵
325 1176 356 1208 est
370 1181 476 1215 personae
491 1175 605 1210 extraneae
619 1173 647 1210 ad
661 1172 709 1209 iura
723 1172 763 1209 tilii
779 1173 883 1210 naturalis
902 1172 956 1217 (spe-

132 1243 205 1280 ciatim
218 1243 245 1280 ad
258 1243 291 1280 ius
304 1243 439 1287 hereditatis)
454 1244 579 1288 assumptio.
592 1244 687 1282 Persona
700 1245 801 1282 eutranea
815 1256 839 1282 ea
852 1247 889 1288 est,
902 1255 956 1289 quae

130 1325 173 1352 non
188 1317 220 1352 est
232 1314 289 1352 fflius
304 1315 415 1352 naturalis.
431 1315 483 1353 Cum
499 1327 538 1359 per
552 1328 574 1353 se
588 1316 671 1354 nemini
686 1316 730 1354 nisi
743 1315 787 1354 filio
804 1316 897 1354 naturali
912 1316 953 1354 ista

132 1387 178 1423 iura
196 1389 325 1430 competant,
344 1387 462 1431 assumptio
480 1388 582 1431 adoptiva
601 1388 626 1425 de
643 1400 664 1425 se
683 1388 737 1425 dicit
753 1388 835 1432 aliquid
853 1388 954 1433 adoptato

132 1469 175 1496 uon
189 1459 291 1502 debitum,
304 1460 427 1503 gratuitum.
440 1460 465 1496 In
478 1460 630 1497 iustificatione
644 1470 692 1504 ergo
705 1461 815 1504 peccatori
829 1471 841 1497 a
853 1461 898 1498 Deo
911 1470 956 1504 gra-

132 1531 186 1568 tuito
203 1532 374 1568 communicatur
388 1532 422 1569 ius
437 1533 464 1569 ad
478 1532 620 1569 hereditatem
637 1533 740 1576 divinam,
756 1533 786 1569 ita
801 1535 825 1569 ut
839 1533 904 1569 homo
920 1532 956 1569 ille

132 1614 181 1640 vere
194 1604 221 1640 sit
233 1603 290 1640 filius
304 1603 428 1648 adoptivus;
442 1605 480 1641 sed
493 1604 529 1641 iile
542 1604 598 1640 iilius
613 1615 656 1641 non
670 1605 693 1640 in
706 1605 764 1641 bona
775 1604 845 1641 Patris
860 1604 956 1641 defuncti

133 1675 236 1719 succedit,
252 1676 290 1713 sed
305 1687 343 1713 suo
359 1679 456 1719 tempore
472 1687 521 1712 cum
535 1676 597 1712 Patre
613 1677 635 1712 in
651 1676 686 1712 his
701 1675 765 1713 bonis
781 1675 956 1713 communicabit.

133 1746 184 1785 Cum
200 1748 223 1783 in
239 1747 362 1793 adoptione,
378 1759 432 1792 quae
448 1747 472 1785 fit
487 1748 544 1785 inter
559 1748 665 1791 homines,
683 1748 788 1792 adoptans
806 1752 826 1785 et
843 1748 956 1792 adoptatus

133 1820 229 1857 eiusdem
241 1821 284 1856 iam
297 1819 341 1857 sint
351 1823 446 1864 naturae,
459 1820 481 1856 in
494 1820 611 1863 adoptione
623 1820 697 1857 diviua
709 1820 766 1859 Deus
779 1819 885 1863 adoptans
898 1823 957 1856 natu-

131 1903 177 1929 ram
186 1903 247 1932 suam
258 1892 405 1929 communicat
411 1895 435 1928 2⁶.
446 1891 545 1929 Attamen
557 1892 677 1930 formaliter
688 1902 732 1929 non
744 1892 802 1929 idem
815 1891 869 1929 dicit
880 1904 890 1928 «
899 1903 955 1929 com-

133 1965 244 2002 municare
260 1967 358 2002 naturam
373 1964 489 2002 divinam»
505 1968 526 2002 et
542 1965 691 2008 «adoptare».
706 1964 786 2002 Haheri
800 1967 877 2008 potest,
891 1964 956 2001 immo

134 2037 160 2074 de
171 2038 228 2075 facto
240 2038 263 2074 in
276 2037 361 2075 Christo
371 2037 460 2074 homine
471 2037 562 2074 hahetur
574 2037 610 2074 illa
622 2036 789 2074 communicatio
802 2039 891 2074 naturae
904 2036 957 2074 divi-

133 2120 173 2146 nae
187 2109 233 2147 sine
248 2109 371 2153 adoptione.
385 2109 427 2147 Uhi
442 2112 512 2146 autem
526 2108 614 2152 adoptio
630 2109 704 2146 divina
718 2108 815 2152 habetur,
829 2108 860 2146 ibi
873 2119 957 2153 quoque

133 2185 209 2218 natura
223 2182 297 2219 divina
309 2182 488 2219 communicatur.
501 2181 534 2218 Ad
547 2181 701 2225 quaestionem,
714 2183 786 2218 utrum
799 2181 869 2224 possit
883 2182 956 2218 saltem

134 2254 155 2289 in
168 2251 210 2291 alio
221 2254 297 2290 ordine
309 2254 404 2291 inveniri
416 2254 504 2296 adoptio
516 2253 590 2290 divina
602 2253 648 2290 sine
660 2251 856 2290 communicatione
869 2256 957 2289 naturae

135 2326 227 2370 divinae,
238 2326 366 2369 responderi
378 2329 455 2369 potest,
468 2336 511 2362 non
525 2336 629 2368 apparere
642 2325 807 2369 repugnantiam
819 2325 842 2361 in
856 2336 887 2369 eo,
900 2324 957 2369 quod

181 2456 198 2478 2³
211 2453 270 2486 Denz.
285 2453 318 2487 510
334 2464 359 2487 ss.

181 2517 200 2539 ²4
212 2514 270 2547 Denz.
284 2514 336 2572 12'25.

182 2578 200 2600 2⁵
213 2574 242 2608 Cf.
258 2575 276 2608 S.
290 2576 326 2609 Tu.
340 2576 356 2615 3,
373 2586 391 2616 q.
406 2576 428 2610 23
444 2587 461 2610 a.
476 2576 492 2609 1.

181 2638 199 2661 2⁶
211 2635 239 2668 De
255 2635 369 2669 discrimine
385 2637 438 2669 inter
454 2637 580 2677 adoptionem
597 2638 706 2672 humanam
723 2642 742 2672 et
759 2639 847 2673 divinam
863 2641 908 2673 vidc
924 2641 958 2673 Be-

134 2706 186 2735 raza,
200 2696 227 2728 De
241 2697 305 2735 gratia
319 2697 398 2736 Christi,
411 2707 440 2730 nr.
455 2697 499 2737 8083
515 2698 583 2738 Lange,
598 2699 625 2731 De
638 2699 708 2739 gratia,
721 2710 740 2733 n.
753 2700 793 2733 413.
