1952 3093
469 32 590 95 -2827-

118 163 168 190 num
181 153 276 196 agimus‘l
287 152 378 190 Rursum
390 153 407 189 si
420 157 517 190 nostrum
530 163 572 190 non
585 157 622 197 est,
635 154 692 190 unde
705 153 767 190 nohis
779 154 870 191 retribui
882 165 942 198 prae-

118 225 160 262 mia
179 224 304 269 speramus?
322 225 375 268 Quia
395 234 445 268 ergo
465 236 507 262 non
528 226 636 263 immerito
655 225 735 269 gratias
752 226 842 270 agimus,
862 226 941 266 scimus

117 298 175 341 quod
190 298 235 334 eins
249 307 337 334 munere
351 297 512 341 praeventurum
529 301 549 334 et
563 308 647 334 rursum
663 298 713 341 quia
728 308 772 334 non
787 298 895 336 immerito
911 312 941 338 re-

118 369 258 406 tributionem
271 369 401 412 quaerimus,
414 369 494 406 scimus
508 369 565 413 quod
579 369 709 413 obsequente
721 370 790 407 libero
803 370 893 407 arbitrio
906 372 942 409 bo—

119 452 146 477 na
158 442 261 485 elegimus
272 452 326 484 qnae
339 451 449 484 ageremus
458 455 468 477 »
477 445 510 477 1⁶⁸.

474 671 585 708 THnououl

173 815 232 851 Patet
248 815 359 859 theologos
375 815 398 851 in
414 815 441 851 iis
458 826 512 859 qnae
528 815 595 852 thesis
611 816 701 853 affirmat
718 817 841 853 convenire.
858 816 943 854 lliovent

120 889 190 923 tamen
207 887 290 930 aliquas
306 887 443 930 quaestiones
459 888 570 930 speciales.
588 887 609 923 in
627 888 705 931 quihus
723 887 821 925 diversae
837 888 943 926 hahentur

121 959 249 995 sententiae:

146 1177 202 1211 Utrum
216 1179 269 1210 solum
283 1182 388 1219 augmentum
401 1179 470 1222 gloriae,
483 1189 505 1212 an
518 1179 568 1211 etlam
581 1180 635 1219 prima
647 1179 701 1220 gloria
713 1179 736 1211 sit
748 1180 831 1212 obiectum
844 1179 905 1212 merltl.

175 1306 247 1344 Prima
260 1308 329 1350 gratia
344 1307 485 1345 sanctificans
500 1318 544 1344 non
560 1310 591 1344 est
607 1307 715 1345 obiectum
730 1307 809 1351 meriti,
825 1308 862 1344 sed
878 1308 945 1344 solum

122 1382 258 1423 augmentum
276 1379 367 1424 gratiae;
385 1390 435 1416 nam
452 1379 556 1424 quamdiu
572 1379 637 1417 homo
654 1382 685 1416 est
703 1379 749 1416 sine
767 1379 835 1423 gratia
853 1379 945 1416 sanetifi-

123 1455 191 1494 cante,
205 1455 236 1488 est
248 1451 348 1496 iniustus,
360 1454 468 1495 peccator,
481 1455 500 1489 et
513 1452 562 1488 talis
575 1462 619 1488 non
631 1455 702 1495 potest
713 1450 793 1489 hahere
805 1452 905 1488 meritum
920 1452 945 1489 de

122 1524 231 1568 condigno
245 1534 319 1562 coram
333 1524 385 1561 Deo.
400 1524 481 1561 Similis
497 1527 566 1561 autem
581 1525 636 1562 ratio
651 1535 695 1561 non
710 1524 766 1561 valet
781 1525 847 1561 relate
863 1524 890 1560 ad
903 1525 945 1568 glo-

122 1595 176 1633 riam
193 1597 313 1634 caelestem.
329 1597 442 1633 Praeterea
457 1597 479 1633 in
497 1608 513 1633 s.
530 1596 641 1639 Scriptura
656 1597 700 1633 vita
716 1599 802 1634 aeterna
817 1596 945 1639 simpliciter

122 1669 253 1712 proponitur
268 1671 376 1713 tamquam
393 1679 481 1712 merces,
497 1672 603 1712 tamquam
620 1669 727 1706 obiectum
745 1669 816 1706 meriti
834 1669 945 1707 iustorum.

121 1743 142 1776 et
153 1750 197 1778 non
210 1741 278 1778 solum
292 1741 337 1778 eius
351 1743 494 1784 augmentum.
507 1741 562 1777 Hinc
575 1741 647 1784 plures
660 1740 754 1784 theologi
768 1743 862 1783 censent,
876 1740 944 1783 ipsam

122 1813 215 1855 primam
230 1812 321 1856 gloriam
337 1814 384 1850 dari
399 1823 442 1849 non
459 1814 504 1850 solo
520 1813 582 1850 titulo
598 1813 732 1854 hereditatis,
749 1814 787 1850 sed
804 1813 867 1849 etiam
883 1813 945 1850 titulo

123 1885 202 1922 meriti.
217 1885 248 1921 lta
264 1884 341 1922 Suarez
349 1888 383 1928 1⁶⁹,
396 1885 492 1928 vazquez
501 1887 528 1912 uro
542 1888 562 1921 et
578 1885 621 1921 alii.
636 1885 719 1928 Negant
734 1895 786 1922 vero
800 1885 831 1921 De
847 1885 905 1927 Lugo
912 1888 946 1926 1⁷1,

123 1956 215 2000 Ripalda
222 1960 256 1995 17².
269 1957 313 1999 alii,
326 1957 445 1993 secundum
458 1968 511 2000 quos
524 1957 594 1999 prima
607 1957 675 2000 gloria
687 1957 732 1993 solo
745 1957 806 1993 titulo
820 1956 946 1993 hereditatis

125 2028 192 2066 datur.

176 2101 248 2144 Aliqui
259 2103 334 2143 putant
345 2100 474 2137 solutionem
484 2100 616 2143 quaestionis
625 2101 720 2143 pendere
731 2111 742 2136 a
753 2100 865 2143 sententia,
876 2103 946 2137 utrum

123 2173 210 2209 ultimus
224 2175 283 2209 actus
295 2173 413 2216 disponens
426 2172 453 2209 ad
466 2161 640 2209 iustificationem
652 2171 750 2209 effective
762 2172 867 2215 procedat
879 2183 890 2208 a
903 2182 948 2216 gra·

124 2244 153 2281 tia
164 2244 311 2282 sanctificante
324 2255 351 2281 an
362 2246 451 2287 n0u1⁷³;
465 2244 533 2281 solum
546 2244 568 2279 in
581 2243 654 2286 priore
667 2243 816 2287 suppositione
830 2243 874 2280 dici
885 2254 948 2286 posse

172 2398 200 2420 163
213 2394 296 2427 Moralia
309 2394 337 2433 ³3,
349 2394 377 2432 21,
389 2394 421 2431 40;
434 2393 468 2425 ML
480 2393 508 2430 76,
520 2393 563 2430 699;
576 2392 593 2425 R
603 2393 658 2431 2316:
670 2393 695 2425 of.
706 2393 757 2431 2326.
769 2393 820 2427 2328.

174 2458 200 2480 rsa
213 2455 240 2486 De
253 2454 316 2492 gratia
327 2455 361 2487 lib.
374 2454 396 2486 12
409 2463 450 2492 cap.
463 2454 492 2486 28.

174 2520 200 2540 1¹7⁰
214 2516 236 2547 ln
249 2515 264 2553 1,
277 2515 287 2546 2
299 2516 348 2554 disp.
362 2515 402 2553 219,
415 2524 430 2547 c.
444 2514 460 2547 2.

175 2580 200 2601 171
214 2577 241 2608 De
254 2576 328 2608 incarn.
341 2576 390 2614 disp.
405 2575 415 2608 6
429 2577 474 2608 sect.
488 2576 505 2608 3.

174 2641 200 2662 1⁷²
213 2637 240 2668 De
252 2638 295 2689 ente
307 2636 453 2675 supernaturali
465 2636 514 2675 disp.
525 2636 553 2668 89.

174 2701 200 2723 rra
213 2697 261 2729 Vide
271 2706 331 2736 supra
341 2704 384 2736 pag.
395 2696 434 2729 150.
