1952 3093
451 37 560 75 -30-

97 178 151 205 voeo
166 178 216 212 ergo
231 169 289 206 hunc
305 170 419 207 articulum
434 174 454 207 et
468 171 557 208 modero
571 172 594 207 in
609 171 667 208 hunc
679 172 780 209 modum:
797 173 864 211 Nemo
880 169 925 212 non

97 242 231 279 certissimus
247 254 294 280 esse
311 243 380 288 debet,
398 255 420 281 se
437 255 522 288 semper
538 245 658 282 mortaliter
674 257 772 290 peceare,
790 247 808 283 si
825 258 863 284 sua
880 248 924 285 vita

97 315 124 351 ad
140 315 247 352 iudicium
263 316 303 353 Dei
319 317 462 353 iustissimum
479 321 626 360 comparetur:
647 321 690 355 tam
707 319 788 356 iniusta
805 320 862 356 enim
879 321 925 357 eius

97 388 141 424 vita
156 389 278 426 necessario
292 392 324 426 est
337 400 401 434 quam
415 390 495 426 iustum
511 394 542 427 est
557 390 662 427 iudicium
677 391 723 437 Dei,
739 402 812 428 eoram
827 403 869 436 quo
885 395 925 429 sta-

98 471 120 497 re
136 462 184 504 ipsa
198 472 241 499 non
257 465 335 505 potest.
350 463 377 499 At
392 463 463 506 ipsum
480 467 511 500 est
525 464 674 508 iustissimum,
689 475 755 509 quare
772 464 816 502 vita
833 465 878 502 eius
893 468 925 503 est

97 534 240 571 iniustissima
261 536 370 580 soliusque
391 536 555 573 misericordiae
575 537 695 575 velamento
717 538 841 575 servanda»
850 542 865 575 ⁵.

148 607 223 651 Immo,
241 611 265 644 ut
284 608 338 645 dicit
356 611 395 645 art.
414 608 439 646 36
458 609 582 646 damnatus:
604 610 725 646 «Liberum
743 610 858 647 arbitrium
876 613 925 654 post

97 683 210 722 peccatum
223 691 258 717 res
272 684 304 717 est
319 681 345 718 de
359 682 404 718 solo
417 682 487 725 titulo,
502 685 522 718 et
537 682 587 718 dum
603 680 661 726 facit,
676 683 735 726 quod
748 683 771 718 in
787 694 808 720 se
824 686 861 727 est,
876 694 925 726 pec-

98 755 131 789 cat
146 753 292 790 mortaliter».
309 753 448 790 «Hieremias
465 765 549 798 quoque
565 766 585 791 x.
600 766 618 791 c.
634 755 665 791 sic
682 753 745 791 dicit:
765 754 813 792 Seio
831 756 925 798 domine,

98 825 200 868 quoniam
215 836 259 862 non
274 830 305 863 est
319 826 415 863 hominis
429 826 465 862 via
480 826 532 869 eius,
546 837 585 863 nec
601 826 643 863 viri
658 829 695 870 est,
710 830 733 863 ut
748 826 827 870 dirigat
840 837 925 870 gressus

99 908 154 935 suos.
168 898 224 941 Quid
238 899 309 942 potuit
322 899 418 943 apertius
431 898 489 936 dicit
504 898 525 936 si
539 899 574 936 via
588 910 625 936 sua
639 903 659 936 et
670 908 756 942 gressus
770 900 803 936 sui
818 909 861 936 non
876 902 926 936 sunt

99 971 121 1007 in
136 974 242 1015 potestate
257 972 360 1016 hominis,
377 983 419 1016 quo
436 971 501 1009 modo
518 972 553 1009 via
570 972 610 1009 Dei
626 975 646 1009 et
663 981 748 1015 gressus
765 972 805 1009 Dei
823 975 885 1009 erunt
902 972 925 1008 in

98 1048 204 1088 potestate
221 1045 280 1082 eius?
296 1046 335 1082 Via
352 1046 410 1083 enim
426 1045 522 1082 hominis
538 1048 569 1083 est
585 1055 615 1089 ea,
632 1056 695 1089 quam
712 1045 755 1088 ipsi
772 1048 851 1082 vocant
866 1047 926 1082 natu-

99 1118 165 1154 ralem
180 1118 281 1155 virtutem
296 1119 400 1162 faciendi,
413 1119 471 1163 quod
487 1118 555 1155 estin
570 1129 598 1154 se.
613 1117 669 1154 Ecce
682 1118 736 1154 haec
751 1128 794 1155 non
810 1121 841 1154 est
856 1118 879 1153 in
895 1128 926 1154 ar-

98 1191 164 1228 bitrio
177 1191 273 1228 hominis
286 1202 324 1228 seu
335 1191 400 1228 liberi
415 1191 511 1228 arbitrii:
528 1190 581 1235 quid
595 1200 645 1234 ergo
659 1190 752 1227 liberum
765 1190 879 1227 arbitrium
895 1193 926 1227 est

100 1264 142 1300 nisi
160 1275 194 1301 res
212 1264 238 1301 de
256 1264 301 1301 solo
319 1263 395 1301 titulo?
413 1262 613 1307 Quomodopotest
631 1274 676 1300 sese
693 1263 720 1299 ad
738 1262 819 1299 honum
836 1273 926 1305 praepa-

99 1347 153 1380 rare,
166 1348 215 1373 curn
228 1347 268 1373 nec
280 1337 303 1373 in
315 1339 421 1380 potestate
435 1337 462 1373 sit
475 1347 523 1372 suas
535 1335 581 1372 vias
594 1336 660 1372 malas
673 1334 758 1372 lacere?
770 1335 824 1371 Nam
838 1338 858 1372 et
870 1335 925 1371 mala

99 1420 165 1453 opera
178 1410 201 1446 in
215 1409 290 1453 impiis
304 1410 361 1446 Deus
377 1411 484 1453 operatur,
498 1412 521 1445 ut
535 1408 630 1445 Proverb
646 1407 671 1444 16
688 1407 751 1444 dicit:
770 1407 847 1445 Omnia
862 1418 926 1450 prop-

99 1486 131 1519 ter
145 1483 284 1525 semetipsum
298 1484 399 1525 operatus
413 1485 444 1518 est
459 1481 565 1523 dominus,
581 1481 645 1517 etiam
658 1480 756 1524 impium,
771 1480 798 1516 ad
812 1479 869 1516 diem
883 1490 926 1515 ma-

99 1555 153 1599 lum;
171 1558 191 1591 et
207 1555 261 1592 Rom
277 1555 299 1591 1:
318 1553 419 1590 Tradidit
435 1551 484 1590 illos
500 1553 557 1589 Deus
574 1553 596 1588 in
614 1551 730 1595 reprobum
748 1562 841 1594 sensum,
858 1554 881 1587 ut
897 1551 926 1586 ta-

100 1627 158 1664 ciant
175 1638 230 1671 quae
246 1638 290 1663 non
307 1626 449 1669 conveniunt3
467 1628 487 1662 et
504 1625 526 1662 9:
545 1625 612 1668 Quem
628 1624 673 1660 vult
690 1622 784 1666 indurat,
803 1622 864 1660 cuins
881 1623 926 1659 vult

100 1700 220 1737 miseretur.
236 1699 295 1737 Sicut
312 1702 332 1736 et
346 1698 434 1735 Exod9
452 1698 478 1734 de
494 1697 606 1733 Pharaone
624 1696 687 1742 dicit:
706 1696 729 1732 in
745 1695 787 1732 hoc
804 1695 874 1738 ipsum
893 1706 926 1731 ex-

100 1773 166 1809 citavi
181 1775 208 1816 te,
224 1775 248 1809 ut
263 1772 376 1809 ostendam
393 1770 494 1806 virtutem
511 1780 580 1805 meam
596 1769 619 1804 in
635 1771 662 1805 te.
677 1768 728 1805 ideo
746 1767 803 1804 enim
814 1771 850 1804 est
865 1766 926 1822 terri-

98 1845 150 1881 bilis
163 1845 220 1881 Deus
234 1844 257 1880 in
270 1843 360 1880 iudiciis
375 1845 395 1880 et
408 1841 510 1885 operibus
525 1841 568 1877 suis
577 1853 587 1876 »
597 1844 611 1877 ⁶.
626 1840 713 1876 «Periit
726 1840 798 1883 itaque
812 1839 849 1875 hic
862 1838 926 1876 etiam

42 1963 44 1967 ,
100 1917 206 1960 generalis
222 1917 259 1953 illa
274 1915 393 1959 influentia,
408 1925 449 1958 qua
464 1913 567 1957 garriunt,
582 1923 628 1949 esse
644 1913 666 1948 in
681 1914 786 1955 potestate
802 1913 875 1947 nostra
891 1920 927 1946 na·

100 1989 179 2026 turales
195 1988 332 2033 operationes
348 1986 445 2031 operari:
464 1997 525 2022 secus
541 1996 586 2022 rem
600 1985 680 2021 habere
694 1986 800 2020 monstrat
816 1982 927 2025 experien-

100 2064 130 2100 tia
144 2062 247 2100 omnium.
261 2061 287 2098 Et
301 2061 351 2098 vide
365 2071 405 2097 nos
419 2060 547 2101 insensatos,
563 2058 632 2101 ipsam
647 2055 744 2094 radicem
758 2066 855 2099 operum,
869 2066 927 2091 nem·

100 2147 127 2180 pe
144 2136 211 2173 vitam
227 2135 304 2179 ipsam,
322 2130 376 2178 quae
394 2135 458 2176 caput
476 2134 506 2169 est
523 2130 620 2168 omnium
638 2139 734 2173 operum,
754 2128 834 2177 scimus
852 2138 927 2165 omnes

102 2209 160 2246 nullo
175 2211 284 2246 momento
295 2196 345 2244 ¹esse
362 2206 385 2242 in
402 2215 467 2242 manu
483 2206 563 2247 nostra,
581 2206 600 2240 et
616 2202 719 2239 audemus
737 2201 815 2243 dicere,
833 2199 927 2244 aliquam

101 2281 253 2325 cogitationem
266 2291 312 2317 esse
324 2279 346 2315 in
359 2289 425 2315 manu
436 2275 523 2314 nostra‘l
536 2275 593 2319 Quid
605 2272 720 2311 absurdius
733 2271 777 2310 dici
790 2271 873 2316 potest?
887 2271 927 2315 Qui

102 2364 151 2396 erpo
165 2354 232 2391 vitam
246 2356 342 2390 nostram
356 2352 379 2387 in
395 2360 460 2387 manu
475 2359 513 2385 sua
527 2347 622 2390 retinuit,
638 2349 709 2384 motus
724 2348 810 2383 nostros
826 2347 846 2382 et
862 2355 927 2388 opera

101 2428 124 2463 in
140 2437 204 2463 manu
220 2428 294 2463 nostra
310 2423 396 2468 posunt
410 2422 478 2459 Absit.
491 2420 554 2458 Unde
570 2430 613 2456 non
630 2422 662 2456 est
678 2418 774 2462 dubium,
791 2417 868 2455 Satana
884 2427 927 2453 ma-

101 2500 168 2543 gistro
185 2500 208 2535 in
224 2497 344 2535 Ecclesiam
361 2495 447 2532 venisse
463 2494 506 2531 hoc
523 2502 601 2529 nomen
619 2503 630 2527 «
638 2491 731 2528 liberum
749 2484 881 2526 arbitrium»
900 2489 928 2526 ad
954 2520 956 2522 .

100 2602 244 2611 ————

149 2672 156 2694 5
170 2667 220 2700 lhid.
233 2668 269 2700 art.
281 2666 313 2704 35;
327 2666 361 2705 Op.
374 2665 442 2698 omnia
455 2663 471 2703 7,
484 2663 524 2696 142.

148 2733 157 2754 ⁶
169 2728 219 2761 ibid.
234 2734 277 2767 pag.
294 2726 328 2758 144
344 2736 359 2758 s.
