1952 3093
395 17 517 81 4183-

94 167 153 204 lnter
168 167 278 209 theologos
296 177 380 210 quoque
399 166 518 203 catholicos
536 166 608 202 iuriae
624 165 731 202 hahentur
750 163 869 201 sententiae

44 241 69 278 de
84 250 115 282 e0,
129 239 187 283 quod
201 239 266 276 homo
281 239 303 275 in
318 241 373 275 statu
388 241 477 275 naturae
491 238 564 282 lapsae
579 238 655 282 possit.

94 311 356 354 Augustinenses.
383 310 464 355 Eorum
488 310 588 348 doctrina
610 311 726 353 exponitur
749 309 868 346 secundum

42 384 140 427 aerum,
158 384 195 427 qui
214 383 399 426 augustinensium
419 383 541 420 doctrinam
559 383 653 419 maxime
670 383 783 426 mitigavit.
802 381 868 418 Libro

43 457 66 494 18
79 466 126 499 cap.
139 455 186 491 2131
198 455 289 500 quaerit,
303 456 375 500 «quid
388 455 528 492 asserendum
541 455 568 492 sit
581 455 607 491 de
620 454 723 498 operibus
737 465 817 498 eorum,
830 453 868 498 qui

42 527 110 573 gratia
126 527 177 565 fidei
195 531 244 565 sunt
260 528 384 571 destituti»,
402 532 422 565 et
438 514 501 571 ponit
517 527 691 571 propositionem
707 527 762 563 11³³:
783 526 868 562 «Multa

41 601 94 637 fiunt
106 600 171 637 etiam
182 600 208 637 ab
220 600 351 643 infidelibus,
364 603 384 637 et
396 601 477 644 impiis,
488 611 543 643 quae
555 600 574 636 si
586 610 676 642 operum
689 600 824 637 honestatem
836 598 868 634 in-

42 671 121 716 spicias
131 676 152 709 et
162 672 232 709 officia
244 672 353 714 virtutum,
364 672 445 709 hahent
457 672 522 709 decus
532 672 609 715 landis,
620 682 689 716 neque
701 672 785 708 ratione
794 670 867 714 operis

42 745 147 789 appellari
167 744 245 781 dehent
262 747 378 788 peecata».
395 744 459 788 Prop.
479 744 544 780 111³4:
566 743 680 781 «Virtutes
698 743 825 787 infidelium,
844 745 868 779 ut

42 818 165 862 plurimum,
181 821 231 854 sunt
244 827 331 861 germen
346 817 422 854 inutile
437 820 458 854 et
472 827 635 860 marcescens,<..
650 817 760 860 nimirum,
776 827 825 853 cum
840 815 868 852 sit

42 891 64 926 in
76 900 149 927 eorum
162 889 228 926 corde
241 889 303 926 radix
315 889 448 933 cupiditatis,
462 890 531 927 solent
543 889 601 926 bona
613 899 679 932 opera
692 888 767 925 autad
779 888 867 925 inanem

41 961 138 1006 gloriam,
153 965 187 998 aut
202 962 230 998 ad
244 962 377 1005 voluptatem
390 961 474 999 reterri.
489 961 513 997 in
528 973 553 999 eo
568 964 638 998 autem
652 971 704 997 casu
718 960 789 997 nullus
804 962 867 1003 negat

41 1033 166 1071 huiusmodi
185 1034 276 1070 virtutes
294 1033 347 1071 vitio
368 1036 404 1070 aut
422 1033 548 1076 philautiae,
569 1036 605 1070 aut
623 1033 767 1070 inhonestatis
787 1031 867 1069 labeta-

41 1105 122 1142 ctaris.
141 1105 204 1148 Prop.
222 1105 298 1142 111135:
321 1105 387 1143 «Alio
404 1116 489 1149 quoque
508 1116 533 1142 ex
552 1106 630 1149 eapite,
647 1115 701 1149 quae
720 1104 767 1142 sine
786 1103 867 1141 Christi

41 1177 109 1221 gratia
123 1177 149 1214 ab
164 1176 288 1214 infidelibus
303 1180 435 1221 peraguntur
450 1181 559 1221 nequeunt
573 1178 630 1214 inter
645 1177 735 1214 virtutes
752 1187 867 1213 connume—

41 1249 91 1291 rari,
106 1249 196 1292 scilicet,
210 1250 261 1293 quia
275 1249 330 1286 nihil
345 1250 461 1287 conferunt
475 1250 503 1286 ad
517 1260 590 1286 veram
604 1252 624 1286 et
639 1248 786 1287 Christianam
800 1248 866 1292 pieta·

40 1325 94 1358 tem:
112 1321 177 1358 sive...
190 1321 316 1358 huiusmodi
331 1321 447 1358 virtutibus
462 1332 522 1359 mens
537 1322 564 1358 ad
580 1322 694 1358 caelestem
709 1320 865 1358 beatitudinem

40 1403 84 1429 non
96 1393 185 1429 enititur
193 1406 211 1429 ».
222 1392 286 1436 Prop.
297 1392 325 1429 IV
331 1395 370 1430 ³9⁸:
385 1392 457 1430 «Cum
468 1397 524 1430 erret
535 1393 642 1436 sapientia
654 1393 730 1429 mundi
741 1403 781 1435 per
792 1402 867 1429 omnes

41 1464 132 1508 calles...
150 1465 255 1509 quicquid
273 1465 325 1502 boni
343 1465 445 1502 infideles
462 1468 609 1509 patraverunt,
634 1465 723 1502 dicendi
748 1467 798 1501 sunt
822 1475 866 1501 non

41 1536 88 1574 sine
106 1547 200 1580 superna
216 1537 360 1574 illustratione
378 1540 401 1573 ut
418 1537 536 1580 plurimum
554 1540 662 1580 patrasse:
682 1547 725 1574 non
744 1540 816 1574 tamen
835 1536 865 1573 eis

41 1608 163 1646 necessaria
180 1608 228 1652 fuit,
246 1612 282 1645 aut
297 1612 334 1651 est,
352 1609 379 1645 ad
397 1611 440 1646 non
457 1609 598 1652 peccandum,
616 1609 669 1645 fides
685 1609 809 1651 habitualis,
826 1619 866 1645 nec

40 1680 109 1723 gratia
122 1680 257 1717 remissionis
271 1684 437 1723 peccatorum».

94 1751 170 1795 Capite
187 1752 233 1789 3131
240 1764 244 1789 :
267 1752 409 1796 «disputatur
426 1763 453 1789 an
473 1754 500 1790 ad
518 1754 665 1796 peragendum
683 1764 737 1796 opus
755 1753 867 1789 moraliter

41 1822 127 1866 honum,
140 1824 199 1867 quod
210 1833 251 1860 nee
263 1824 286 1860 in
299 1835 328 1867 se,
340 1835 409 1868 neque
422 1825 445 1860 in
458 1825 579 1862 intentione
591 1826 702 1868 operantis
716 1825 818 1862 vitiosum
831 1825 866 1867 sit,

40 1895 162 1938 requiratur
173 1895 260 1934 divinae
271 1896 352 1940 gratiae
362 1896 520 1934 adiutorium».
532 1896 665 1934 Sententiam
675 1896 866 1940 Augustinensium

41 1967 69 2002 ita
88 1968 206 2004 redditfflss:
226 1967 270 2003 «In
288 1968 421 2012 quaestione,
439 1979 504 2012 quam
523 1978 581 2005 nunc
600 1979 706 2012 propono,
725 1968 866 2005 celeberrima

40 2041 72 2074 est
83 2038 181 2075 omnium
193 2040 239 2076 tere
249 2039 383 2077 Nostratium
396 2041 508 2084 sententia,
521 2051 584 2083 posse
595 2040 683 2084 quidem
695 2040 807 2077 hominem
820 2040 866 2078 ahs-

40 2121 80 2153 que
95 2111 185 2154 speciali
196 2111 269 2154 -gratia
284 2111 365 2149 honum
381 2122 443 2155 agere
458 2124 484 2149 ex
499 2112 591 2156 obiecto,
606 2113 651 2149 sive
667 2115 763 2155 spectato
779 2112 865 2149 virtutis

87 2281 113 2302 im
127 2278 154 2310 Dc
168 2279 284 2317 theologicis
297 2279 415 2318 disciplinis,
428 2282 476 2312 tom.
489 2280 509 2318 3;
523 2280 596 2313 Romae
611 2280 662 2313 1789.

87 2342 114 2363 112
128 2338 172 2377 Pag.
186 2339 227 2371 382.

88 2402 113 2423 133
128 2398 172 2437 Pag.
185 2398 226 2431 332.

87 2461 113 2482 131
128 2458 172 2497 l'ag.
185 2459 225 2491 385.

87 2521 113 2543 133
128 2518 172 2557 Pag.
185 2519 225 2551 386.

87 2581 113 2603 131
128 2578 172 2617 Peg.
185 2579 225 2611 387.

87 2641 113 2663 111
128 2638 172 2677 rag.
185 2640 225 2672 391.

88 2701 114 2723 131
128 2698 176 2731 thid.
