1952 3093
443 72 471 81 -
479 51 524 91 ’880
537 73 565 83 -

85 166 179 205 alienum
194 170 226 205 est
240 179 251 205 a
265 169 321 214 Deo;
338 170 398 209 aliud
414 171 531 210 criminoso
546 172 632 210 veniam
648 181 692 209 non
709 171 795 210 dedisse
811 172 869 217 quod
886 173 912 211 de

84 239 206 282 peccatoris
223 244 255 279 est
272 243 350 281 merito
358 256 369 280 >>
377 247 402 282 ³⁸.

125 312 144 350 S.
162 312 271 351 emimus
288 314 468 354 Annmrrnnnrus:
495 317 567 355 «Cum
591 316 621 355 ait
648 317 721 360 (Deus)
747 318 909 362 peccatoribus:

83 384 160 423 Adhuc
173 385 264 423 habebis
279 388 417 433 auxiliumffl,
431 390 454 426 in
467 401 527 434 spem
541 401 565 427 ac
578 389 681 427 fiduciam
694 389 763 434 erigit,
775 391 827 428 lieet
839 390 912 428 multis

84 462 105 494 et
118 457 282 497 inevitabilibus
298 461 368 505 culpis
383 463 426 500 sint
441 462 549 506 impliciti,
565 462 671 500 reservari
686 465 758 500 tamen
773 463 877 501 honitatis
892 466 913 501 et

86 529 227 568 humanitatis
242 531 352 578 reliquias,
366 545 406 572 nee
420 534 538 579 quidquam
552 534 637 573 obstare
651 535 767 579 quominus
782 539 802 574 et
817 535 850 573 illi
862 547 913 581 quo·

87 613 128 647 que
146 607 264 648 serventur,
283 605 302 642 si
318 607 387 644 velint
405 607 477 645 redire
495 608 522 645 ad
539 608 629 646 meliora
648 610 668 645 et
686 608 811 646 decentiora
829 611 850 646 et
867 609 913 646 eius

87 676 170 720 legibus
186 680 333 717 consentanea
341 692 351 716 »
359 683 385 717 ³⁵.

139 750 159 788 S.
172 750 292 789 Cresimus
305 752 466 791 Auniarrusrs:
483 754 621 799 «Numquam
634 754 691 792 Deus
705 754 784 792 deserit
796 753 914 798 hominem,

86 822 129 859 nisi
146 823 207 867 prius
226 823 252 861 ab
269 824 358 863 homine
376 827 493 865 deseratur.
511 826 564 864 Cum
582 825 639 864 enim
658 827 724 864 semel
741 831 762 866 et
780 826 875 865 secundo
894 829 914 865 et

87 895 150 933 tertio
165 897 314 942 unusquisque
330 899 404 942 gravia
420 902 509 943 peccata
524 892 664 943 commiserit,
679 902 790 944 exspectat
803 903 875 938 tamen
890 899 914 937 il-

86 969 131 1006 lum
148 969 212 1012 Deus,
232 969 289 1008 sicut
306 982 346 1015 per
365 971 493 1016 prophetam
514 972 567 1009 dicit
585 974 609 1009 ut
627 974 766 1010 convertatur
785 976 805 1010 et
824 971 914 1011 viratu.

88 1040 140 1079 Cum
153 1053 204 1079 vero
218 1042 241 1078 in
254 1044 351 1086 peccatis
364 1044 409 1081 suis
421 1045 517 1088 eoeperit
529 1054 663 1089 permanere,
677 1045 703 1082 de
715 1044 854 1082 multitudine
866 1044 914 1089 pec*-

88 1117 185 1151 eatorum
203 1114 302 1152 nascitur
320 1115 442 1159 desperatio
462 1120 482 1153 et
501 1128 527 1153 ex
548 1116 698 1160 desperatione
718 1116 833 1155 obduratio
853 1127 915 1161 gene·

448 1334 558 1372 moroni

141 1464 245 1508 Theologi
259 1475 318 1502 nune
332 1465 355 1501 in
370 1465 412 1502 hac
427 1465 552 1509 quaestione
567 1448 706 1502 conveniunt}
721 1464 741 1502 S.
754 1464 859 1502 Thomas:
877 1463 915 1501 Po-

88 1539 129 1574 test
146 1537 194 1582 quis
212 1536 293 1574 habere
310 1536 474 1593 firmitatemin
491 1539 581 1581 peceato
600 1536 655 1579 «ita,
672 1536 730 1581 quod
747 1546 791 1574 non
810 1535 836 1573 de
854 1535 915 1574 facili

89 1609 157 1653 possit
172 1610 287 1654 cooperari
302 1610 329 1648 ad
343 1609 386 1648 hoo
400 1610 458 1654 quod
473 1613 534 1648 exeat
549 1610 575 1648 de
589 1612 689 1655 peecato;
704 1609 790 1647 ethaeo
804 1611 836 1647 est
850 1607 915 1647 obsti-

89 1683 148 1721 natio
163 1683 299 1728 imperfecta,
314 1694 356 1728 qua
371 1683 449 1727 aliquis
465 1686 536 1727 potest
552 1695 597 1721 esse
614 1682 734 1721 obstinatus
749 1682 772 1719 in
789 1683 846 1720 statu
861 1681 915 1725 viae,

89 1756 140 1793 dum
153 1755 238 1794 scilieet
248 1756 315 1793 habet
328 1756 406 1800 aliquis
419 1755 448 1792 ita
461 1755 566 1792 firmatam
578 1756 709 1793 voluntatem
720 1754 744 1791 in
755 1756 845 1798 peceato
858 1753 916 1798 quod

89 1838 133 1865 non
148 1831 238 1872 surgunt
252 1831 323 1865 motus
338 1828 365 1865 ad
379 1828 460 1865 bonum
475 1827 518 1864 nisi
533 1828 621 1865 debiles.
636 1827 690 1870 Quia
705 1830 777 1864 tamen
790 1825 857 1870 aliqui
871 1836 916 1862 sur-

89 1903 147 1944 gunt,
164 1912 190 1938 ex
207 1900 238 1937 eis
254 1900 318 1937 datur
332 1899 367 1937 via
382 1901 406 1937 ut
421 1903 578 1943 praeparentur
593 1899 620 1937 ad
634 1898 778 1943 gratiamlu

142 1973 242 2019 Sequitur
257 1973 311 2011 haec
326 1973 406 2010 veritas
423 1983 448 2010 ex
463 1972 497 2016 iis,
511 1983 565 2017 quae
580 1973 603 2010 in
619 1974 712 2010 tractatu
728 1971 753 2009 de
769 1970 916 2016 praedestina-

90 2047 148 2085 tione
165 2047 259 2085 diximus
276 2047 302 2084 de
317 2046 374 2083 seria
389 2046 498 2083 voluntate
513 2045 553 2082 Dei
568 2044 664 2083 salvifica
677 2044 805 2090 universali;
819 2042 916 2081 inomni

90 2120 148 2157 enim
161 2120 229 2163 signo,
241 2119 318 2163 inquo
330 2118 384 2155 haee
397 2117 495 2155 voluntas
509 2117 564 2154 seria
577 2119 655 2161 manet,
668 2117 725 2154 Deus
737 2115 828 2159 gratiam
841 2115 916 2153 saltem

91 2195 171 2229 remote
188 2191 329 2228 sufficientem
348 2190 374 2226 ad
393 2189 557 2226 conversionem
575 2189 666 2227 confert.

91 2289 227 2297 ———.-—

141 2357 158 2380 ³³
171 2354 228 2392 Resp.
242 2352 267 2385 ad
280 2351 350 2385 obiect.
364 2351 414 2384 vinc.
427 2359 469 2389 cap.
483 2351 514 2389 15;
527 2350 560 2384 ML
574 2351 602 2391 51,
616 2350 656 2383 185.
670 2350 709 2383 Cir.
722 2350 749 2383 De
763 2349 865 2383 vocatione
877 2358 918 2382 onr-

93 2415 149 2447 nium
162 2414 251 2454 gentium
264 2412 299 2445 lib.
311 2413 321 2445 1
336 2422 378 2451 cap.
392 2411 424 2448 21;
437 2411 470 2443 ML
483 2411 511 2450 51,
525 2411 568 2450 674;
583 2411 617 2444 lib.
630 2411 641 2443 2
654 2421 695 2450 cap.
708 2410 739 2448 13;
752 2410 786 2443 ML
800 2410 828 2447 51,
842 2409 882 2442 698.

141 2479 158 2500 ³4
172 2475 190 2508 Is
203 2473 232 2513 44,
246 2473 266 2512 23
280 2472 331 2505 LXX.
832 2461 834 2464 ’

140 2538 158 2560 ³5
171 2535 194 2567 In
205 2533 279 2566 Isaiam
290 2541 360 2565 comm.
373 2532 389 2571 4,
402 2531 421 2569 2;
435 2531 470 2564 MG
483 2531 511 2569 70,
523 2531 566 2569 92ος
578 2531 595 2564 R
608 2530 659 2563 2097.

141 2597 159 2621 ³0
171 2594 198 2627 Ez
211 2592 240 2633 33,
255 2593 283 2626 11.

140 2655 191 2686 aeris
204 2656 238 2690 ML
252 2656 281 2696 ³9,
296 2655 351 2695 1786;
366 2656 383 2689 R
397 2654 449 2689 2232.

143 2722 159 2745 ³⁷
173 2718 200 2752 De
212 2718 296 2752 veritate
307 2728 326 2758 q.
339 2717 362 2752 24
376 2718 412 2751 art.
426 2717 454 2750 11.
