1952 3093
434 75 556 111 -117-

80 206 105 243 in
117 205 173 243 locis
188 204 279 243 citatis»
288 208 322 240 na,
336 204 370 241 lta
383 203 485 243 statuitur
498 202 571 248 aliqua
583 203 708 247 praesentia
721 202 763 240 Dei
778 211 822 239 non
839 205 909 238 solnm

79 280 104 315 ut
114 277 223 315 obiectum
236 276 368 321 cognitionis
381 279 402 313 et
414 275 495 313 amoris
511 275 574 320 (quae
586 278 610 313 ut
622 278 739 319 patetnon
750 272 856 318 negatur),
870 266 913 310 sed'

79 350 151 394 realis
164 348 313 387 substantialis
324 348 449 393 praesentia
460 347 614 385 antecedenter
626 351 647 385 et
659 347 835 392 independenter
847 356 860 382 a
873 356 908 383 co-

79 421 176 466 gnitione
188 424 209 459 et
220 431 294 458 ¹amore
308 420 410 466 hominis,
424 431 450 457 ex
464 420 513 464 ipsa
525 419 638 457 infusione
649 419 731 463 gratiae
744 418 907 457 sanctificantis.

79 494 136 531 Deus
152 494 248 538 seipsum
262 497 286 532 ut
301 492 396 531 amicum
409 492 496 530 homini
511 492 578 530 donat
591 502 616 529 eo
632 492 691 536 quod
706 491 844 529 infundendo
860 500 907 535 gra-

78 566 132 603 tiam
145 565 316 603 sanctificantem
329 564 441 603 hominem
455 575 517 602 suum
529 564 583 601 iacit
596 564 697 602 amicum.
710 564 768 601 Haec
781 562 906 607 explicatio,

78 648 133 683 quae
146 649 159 675 a
171 641 204 676 sat
217 637 291 675 multis
304 637 410 681 theologis
424 639 549 681 acceptatur
556 640 590 680 1²4,
603 635 690 673 videtur
702 635 842 680 aliquomodo
856 645 907 673 con·

78 710 144 747 tineri
155 701 181 746 in‘
191 709 264 747 verhis
276 709 356 747 Leonis
366 708 414 746 XIII
427 719 493 753 supra
505 708 585 754 relatis,
599 712 619 746 et
632 708 658 745 de
670 719 694 745 ea
708 707 752 745 dici
764 711 836 751 potest
846 707 906 752 quod

78 782 137 819 idem
151 782 252 819 affirmat:
270 781 420 819 «condicione
434 764 519 818 tanturn
532 791 569 818 seu
583 783 638 817 statu
652 780 679 817 ab
693 791 718 817 ca
733 780 848 824 discrepat,
863 790 906 824 qna

78 854 166 892 caelites
180 854 238 891 Deus
251 853 337 891 beando
349 853 529 897 complectitur».

71 939 73 943 ·
97 915 99 917 ¹
131 914 198 968 Hanc
207 934 280 969 tamen
296 930 425 968 sententiam
446 930 583 975 vazquez
605 930 689 968 iudicat
704 939 749 968 non
764 929 862 967 sufficere
877 928 905 967 ad

78 1002 231 1047 explicandam
239 1002 357 1047 specialem
364 1003 510 1047 praesentiam
518 1002 558 1040 Dei
567 1003 591 1039 in
598 1002 687 1040 homine
694 1002 759 1039 iusto.
767 1001 823 1039 Nam
832 1002 905 1040 «haec

78 1075 237 1119 dona-praeter
251 1085 388 1112 communem
404 1075 510 1112 rationem
527 1074 617 1112 effectus
633 1074 720 1112 divinae
736 1074 846 1118 potentiae
862 1074 904 1111 hoc

76 1147 164 1190 hahent,
176 1150 200 1185 ut
210 1147 256 1184 Deo
269 1157 309 1184 nos
322 1147 455 1190 coniungant
468 1146 587 1184 secundum
599 1146 703 1184 affectum
716 1150 737 1183 et
750 1150 860 1191 tamquam
873 1156 904 1183 re·

76 1219 138 1263 gulae
152 1219 187 1256 cui
202 1218 297 1256 dicimur
310 1219 368 1263 iusti,
382 1219 416 1256 vel
430 1222 539 1264 tamquam
552 1218 623 1257 amico
635 1218 673 1256 cni
687 1218 782 1256 dicimur
796 1217 871 1256 dilecti
883 1220 905 1255 et

76 1290 126 1328 ideo
140 1291 210 1328 sancti
225 1294 245 1328 et
256 1290 401 1328 immaculati:
417 1291 455 1328 hic
469 1293 540 1329 autern
555 1290 651 1335 effectus,
665 1290 703 1335 qui
717 1292 775 1329 totus
790 1290 858 1329 estin
873 1290 903 1327 at-

76 1362 141 1407 iectu,
155 1362 191 1400 vel
205 1373 245 1406 per
258 1365 381 1407 respectum
394 1363 424 1401 ad
438 1363 517 1407 ipsum,
531 1363 590 1401 inter
602 1363 703 1418 absentes
719 1363 839 1400 secundum
855 1362 904 1400 suh-

76 1434 178 1472 stantiam
191 1445 239 1472 esse
252 1437 324 1479 potest
336 1438 361 1472 ut
374 1434 514 1472 manifestum
527 1438 620 1474 estem.
633 1418 709 1473 Posset
722 1435 772 1480 quis
785 1434 903 1478 responde-

76 1517 99 1543 re
112 1509 135 1544 et
149 1505 229 1551 dicere,
244 1517 308 1545 exeo
322 1506 381 1551 quod
396 1506 493 1544 amicitia
507 1517 553 1545 esse
568 1507 638 1551 possit
650 1506 717 1545 etiam
730 1507 788 1544 inter
801 1506 902 1544 absentes

75 1588 120 1615 non
133 1577 200 1623 sequi,
210 1581 235 1616 ut
246 1578 304 1616 Deus
316 1578 339 1615 in
352 1579 505 1617 constituenda
517 1578 559 1616 hac
572 1578 669 1617 amicitia
680 1589 725 1616 non
738 1589 762 1616 se
776 1579 842 1617 donet
855 1578 903 1616 sub-

75 1649 214 1694 stantialiter;
232 1650 270 1688 sed
287 1662 312 1688 eo
327 1650 376 1694 ipso
391 1651 435 1688 iam
451 1651 539 1688 videtur
555 1650 647 1689 concedi
663 1650 797 1688 infusionem
813 1651 901 1695 gratiae,

75 1723 180 1766 quatenus
190 1732 216 1759 ea
226 1721 366 1759 constituitur
377 1722 475 1760 amicitia
485 1733 535 1760 cum
546 1722 597 1767 Deo,
609 1732 653 1760 non
665 1733 729 1767 posse
740 1723 792 1760 dare
803 1723 902 1760 nltimam

75 1793 243 1837 explicationem
261 1794 363 1837 specialis
382 1793 556 1833 inhabitationis.
574 1795 607 1832 De
624 1795 748 1839 praesentia
765 1794 806 1832 Dei
823 1798 848 1832 ut
867 1806 901 1833 co-

73 1865 129 1909 gniti
141 1865 165 1902 in
179 1869 322 1909 cognoscente
334 1866 432 1911 vazquez
445 1866 509 1904 dicit:
525 1866 576 1904 «De
587 1866 630 1904 hoc
643 1866 708 1904 modo
721 1866 842 1905 exsistendi
856 1867 901 1904 tere

74 1937 134 1974 nulla
150 1940 183 1974 est
197 1937 255 1975 inter
272 1937 373 1976 doctores
388 1938 546 1983 controversia;
564 1938 613 1975 talis
630 1942 701 1976 autem
716 1941 806 1976 naturae
823 1942 861 1982 est,
877 1942 902 1976 ut

74 2018 118 2068 non
134 2008 246 2053 sufficeret,
262 2009 331 2047 Deum
347 2010 372 2047 in
387 2009 452 2047 rebus
468 2011 601 2048 constituere
615 2021 655 2054 per
671 2010 794 2054 essentiam,
812 2011 831 2048 si
847 2011 901 2048 alias

74 2079 122 2124 ipse
135 2080 280 2120 immensitate
294 2091 332 2118 sua
346 2082 370 2118 in
385 2081 430 2119 illis
444 2092 488 2119 non
504 2085 570 2120 esset:
587 2082 624 2119 hic
638 2082 696 2119 enim
711 2083 789 2120 modus
805 2083 851 2120 sola
866 2094 901 2121 co-

73 2151 177 2196 gnitione,
190 2152 275 2200 affectu,
288 2153 421 2197 operatione,
434 2157 471 2191 aut
481 2154 557 2191 habitu
568 2153 680 2191 hominem
693 2165 742 2191 cum
752 2155 798 2192 Deo
811 2154 900 2192 coniun-

73 2223 131 2267 git».
148 2224 263 2268 Propriam
280 2235 341 2262 suam
359 2225 489 2264 sententiam
505 2226 536 2264 ita
554 2226 662 2264 enuntiat:
684 2226 806 2270 «Quamvis
825 2227 900 2271 negari

57 2294 118 2332 'non
135 2296 206 2339 possit
222 2307 338 2340 personam
357 2296 450 2341 Spiritus
470 2287 540 2335 sancti
558 2298 643 2335 ratione
663 2297 818 2336 charismatum
836 2298 900 2336 nobis

74 2366 152 2405 donari
165 2370 186 2405 et
199 2368 227 2405 ad
240 2378 280 2406 nos
294 2368 351 2406 mitti
366 2372 387 2406 et
400 2372 467 2407 totam
481 2369 610 2407 Trinitatem
625 2370 653 2406 ad
667 2380 707 2407 nos
721 2370 817 2407 venire...
831 2370 856 2408 id
870 2374 899 2408 ta-

121 2561 147 2583 na
161 2558 238 2597 Suara,
251 2559 278 2591 De
292 2559 394 2598 Trinitate,
408 2560 420 2593 1.
434 2560 456 2593 12
466 2570 510 2599 cap.
523 2561 533 2593 5
545 2570 575 2593 nr.
587 2561 609 2593 12
622 2571 637 2593 s.

121 2623 148 2644 114
162 2619 256 2652 Recenter
272 2620 341 2659 Froget
357 2620 377 2653 0.
394 2622 414 2653 Ρ.
430 2621 457 2653 De
474 2621 600 2654 l’habitation
616 2623 641 2654 du
659 2623 790 2661 Saint-Esprit
808 2623 856 2655 dans
873 2623 901 2655 les

73 2678 126 2711 dines
138 2679 203 2717 justes
215 2679 291 2719 d'apres
304 2681 324 2713 la
337 2681 424 2714 doctrine
438 2682 461 2714 de
473 2682 526 2714 saint
540 2682 625 2715 Thomas
640 2682 730 2722 d'Aquin.
743 2683 798 2716 Paris
813 2683 865 2715 1900.

120 2739 182 2772 115111
197 2741 213 2778 1,
227 2750 245 2779 q.
258 2740 278 2779 83
294 2740 347 2779 Disp.
362 2740 385 2773 30
395 2740 472 2780 ⁴capt.
