1952 3093
398 54 520 93 -5355.-

38 172 152 217 doniisque
168 173 223 210 foret
237 173 311 211 efficax
327 178 347 211 et
361 175 389 212 ad
403 175 560 218 poeni-tentiam
574 177 675 222 traheret,
688 177 711 213 in
727 176 776 214 aliis
788 176 867 214 maiori

38 244 141 283 caecitate
155 248 176 282 et
189 245 332 284 obduratione
345 246 430 284 affectis
444 247 577 285 inefficacem
590 260 636 286 esse
650 249 812 293 contendimus;
827 259 867 285 nec

39 321 109 355 tamen
127 318 226 362 derogari
239 304 425 364 gratiae'efficaei,
440 321 544 364 quoniam
559 321 577 358 si
592 321 649 358 Deus
665 321 729 359 talem
739 322 868 359 >delectatio-

39 401 88 427 nem
103 390 202 434 inspirat,
219 402 260 435 qua
274 402 377 434 perversa
393 392 502 436 cupiditas
518 397 638 437 superatur,
655 394 678 431 id
694 397 789 437 praestat
804 394 868 431 bene-

38 462 119 507 placito
138 473 163 500 ac
181 464 294 507 proposito
313 464 430 502 voluntatis
447 454 504 508 suae,
522 465 599 510 iisque,
616 477 671 510 quos
688 467 733 503 vult
752 466 868 503 efficaciter

39 535 94 573 bene
109 544 177 579 agere,
187 536 258 573 talem
273 536 398 579 impertitur
414 538 532 581 caritatem,
548 549 602 582 quae
618 549 735 583 numquam
750 538 776 576 ab
793 541 868 576 'eorum

39 608 177 652 quantumvis
195 608 249 645 duro
267 610 333 646 corde
351 609 479 652 respuitur»
489 613 512 646 ⁸0.
530 610 614 648 Deinde
632 610 732 648 statuitur
749 610 868 654 «Proposi-

40 680 70 717 tio
80 679 96 716 Ι.
106 678 178 717 Gratia
189 683 220 718 est
229 681 345 724 inspiratio
354 684 441 719 sanctae
453 681 586 727 dilectionis3
596 693 665 727 neque
676 694 688 720 a
698 683 787 720 caritate
798 686 868 720 actua-

40 752 56 790 11
72 752 233 795 distinguiturm
246 752 370 797 Propositio
384 745 412 791 11.
428 753 501 792 Gratia
516 753 591 791 efficax
606 757 638 792 est
652 755 733 791 victrix
748 754 868 797 delectatio,

41 824 85 861 sive
103 824 189 868 caritas,
207 836 261 869 quae
280 829 367 869 superat
385 827 518 863 contrariam
537 826 731 870 cupiditatemsffl.
750 826 869 870 «Proposi-

41 896 72 934 tio
88 896 126 934 111.
143 896 263 934 Delectatio
280 907 324 943 non
342 898 417 935 eadem
436 898 506 935 estin
524 898 631 942 omnibus,
650 899 689 936 sed
704 900 769 936 modo
788 898 869 940 efficax,

41 968 106 1007 modo
121 968 228 1013 inefficaX,
245 972 266 1007 et
281 969 346 1007 habet
363 970 442 1008 caritas
459 974 480 1008 et
495 970 564 1014 gratia
579 970 658 1015 gradus
675 982 731 1015 suos,
748 982 774 1008 ex
791 970 869 1016 quibus

42 1040 121 1085 absque
132 1041 176 1078 ullo
187 1042 324 1085 praeiudicio
336 1042 445 1097 absolutae
454 1043 495 1079 Dei
506 1043 623 1080 voluntatis
633 1042 740 1080 mirabilis
752 1043 798 1080 eius
809 1054 870 1080 oeco-

42 1114 115 1150 nomia
129 1124 172 1150 una
190 1124 239 1150 cum
254 1125 305 1151 vera
322 1114 408 1151 arbitrii
424 1115 494 1152 nostri
510 1114 609 1153 libertate
627 1115 692 1152 facile
708 1115 870 1162 potestdigno-

42 1185 125 1231 scissa
142 1185 283 1230 «propositio
300 1186 334 1224 IV.
351 1186 409 1224 Haec
427 1187 526 1225 doctrina
542 1187 598 1224 nihil
614 1187 680 1225 habet
695 1186 804 1224 affinitatis
821 1197 869 1224 curn

42 1259 127 1295 haeresi
146 1258 282 1296 lanseniana.
302 1258 417 1304 Probatur;
438 1269 488 1296 nam
508 1259 641 1297 Iansenius...
660 1260 735 1296 statuit
753 1258 870 1297 efficaciam

43 1330 124 1374 gratiae
144 1331 166 1367 111
186 1331 328 1370 delectatione
347 1331 444 1375 victrice,
464 1342 518 1376 quae
538 1343 550 1369 a
570 1331 726 1369 deliberatione
747 1335 767 1369 et
784 1329 871 1368 indiffe-

43 1402 113 1440 rentia
126 1402 190 1440 liberi
204 1403 289 1441 arbitrii
303 1404 390 1447 penitus
403 1404 500 1441 seiuncta
514 1407 551 1441 est.
565 1403 609 1442 Nos
622 1414 673 1442 vero
689 1403 782 1441 dicimus
795 1403 871 1440 indeli-

43 1476 139 1512 beratam
157 1476 245 1519 quidem
263 1487 309 1513 esse
327 1476 384 1513 hano
404 1476 576 1521 delectationem,
595 1479 701 1520 quatenus
720 1476 841 1519 inspiratur
860 1486 871 1512 a

42 1547 97 1591 Deo3
111 1550 132 1585 et
145 1548 238 1592 proinde
252 1559 291 1592 per
305 1548 400 1591 primum
415 1551 487 1586 actum
500 1548 669 1590 indeliberatum
681 1559 721 1585 uos
736 1547 791 1584 nihil
805 1558 871 1585 mere-

45 1620 70 1663 ri,
87 1620 131 1657 nisi
146 1621 235 1658 accedat
251 1620 315 1658 liberi
332 1620 418 1658 arbitrii
434 1620 565 1658 deliberatus
582 1631 687 1664 assensus
704 1620 835 1665 firmissime,
845 1623 872 1657 te-

45 1703 127 1737 nemuS,
144 1703 193 1730 cum
210 1693 311 1730 meritum
328 1692 405 1730 haberi
422 1696 514 1737 nequeat
530 1693 577 1730 sine
593 1692 743 1730 indifferentia
759 1681 873 1729 libertatis.

45 1764 70 1801 At
83 1764 137 1802 haec
153 1765 266 1802 delectatio
279 1765 359 1802 victrix
374 1765 491 1803 coniuncta
505 1769 537 1802 est
552 1776 601 1802 cum
616 1764 772 1802 deliberatione
787 1774 872 1806 compa-

46 1840 91 1874 rate
106 1837 134 1874 ad
151 1848 223 1881 opera,
240 1848 295 1881 quae
311 1836 434 1875 efficiuntur
449 1849 461 1874 a
477 1837 546 1875 libero
564 1836 655 1875 arbitrio
671 1829 714 1873 hac
731 1836 873 1873 delectatione

45 1909 144 1947 excitato.
158 1909 260 1952 Quamvis
274 1910 332 1946 enim
346 1909 373 1946 sit
388 1909 441 1947 haec
457 1909 531 1946 efficax
546 1909 615 1953 gratia
629 1908 766 1952 antecedens,
781 1911 802 1945 et
816 1908 873 1944 Deus

47 1982 93 2019 sine
111 1981 175 2019 nobis
193 1971 266 2025 iaciat,
284 1985 307 2018 111
323 1981 424 2026 velimus;
443 1981 586 2019 nihilotamen
604 1980 676 2018 minus
694 1991 734 2024 per
751 1980 810 2017 illam
830 1987 873 2016 non

46 2054 176 2097 proponitur
195 2053 258 2091 nobis
275 2054 356 2091 bonum
375 2054 414 2090 sub
434 2054 493 2090 omni
512 2053 596 2090 ratione
612 2052 672 2096 boni,
691 2052 873 2096 quemadmodum

46 2126 176 2169 proponitur
189 2126 257 2163 beatis
271 2136 310 2169 per
323 2126 395 2162 lumen
409 2125 496 2169 gloriae,
511 2125 603 2169 ideoque
615 2128 712 2162 remanet
723 2123 873 2161 indifferentia

47 2198 125 2236 iudicii
142 2203 162 2235 et
179 2209 229 2235 vera
247 2198 342 2241 libertas,
361 2209 425 2242 quam
442 2196 522 2235 habere
541 2199 650 2241 nequeunt
665 2197 723 2233 beati
741 2197 764 2233 in
783 2196 874 2239 patria...

47 2271 190 2314 Quamobrem
208 2271 305 2315 sequitur
321 2269 409 2314 quidem
425 2281 451 2306 ex
468 2269 509 2307 hac
527 2269 617 2306 victrice
636 2268 778 2306 delectatione
794 2267 874 2305 infalli-

47 2343 120 2380 biliter
133 2342 233 2385 effectus,
250 2354 274 2379 eo
290 2342 349 2386 quod
366 2342 450 2379 animus
468 2342 610 2384 amplectatur
620 2340 713 2384 bonum,
731 2340 789 2384 quod
806 2340 875 2383 magis

49 2415 146 2460 delectat,
165 2398 209 2453 sed*
220 2414 316 2459 sequitur
331 2413 406 2457 libere,
423 2413 474 2458 quia
491 2423 534 2450 non
553 2412 606 2450 adeo
623 2413 646 2449 in
664 2413 706 2450 hae
721 2412 766 2450 vita
783 2412 875 2450 delectat

47 2487 128 2525 bonum
141 2487 236 2532 aliquod,
249 2490 272 2524 ut
284 2488 377 2531 nequeat
387 2485 410 2522 in
424 2496 448 2522 eo
462 2485 598 2528 apprehendi
611 2485 666 2521 ratio
674 2482 751 2529 'aliqua
764 2485 836 2522 mali...

98 2600 116 2624 ⁸⁰
129 2595 170 2630 Lib.
185 2595 208 2629 14
221 2604 263 2635 cap.
277 2594 297 2634 8;
312 2598 359 2628 tom.
373 2593 384 2627 3
397 2600 440 2633 pag.
455 2591 489 2625 148
503 2603 518 2626 s.

98 2661 116 2684 ⁸²
129 2657 174 2697 rag.
190 2656 230 2690 149.

99 2721 117 2745 ⁸¹
130 2717 175 2758 Pau.
191 2716 231 2751 153.
