1952 3093
429 69 550 108 «111-

127 189 212 226 «Nemo
226 191 297 232 potest
311 187 385 226 venire
400 187 428 224 ad
442 198 482 231 me,
497 187 541 224 nisi
554 187 617 225 Pater
631 188 669 232 qui
683 186 744 228 misit
758 198 792 225 me
808 186 899 228 traxerit

73 264 153 299 eumffl.
169 261 217 298 Non
227 261 291 301 ,1111111
307 260 348 297 ait:
369 259 461 303 duxerit,
476 262 500 297 ut
515 259 561 297 illic
576 260 650 305 aliquo
667 259 732 297 modo
747 245 897 303 intellegamus

72 334 203 377 praecedere
221 333 359 370 voluntatem.
378 331 430 376 Quis
448 331 547 375 trahitur,
566 332 585 370 si
603 332 646 369 iam
665 331 763 370 volebat?
781 331 807 370 Et
825 334 896 369 tamen

74 416 136 447 nemo
151 404 217 450 venit,
231 404 274 442 nisi
289 405 348 442 velit.
362 403 465 441 Trahitur
480 413 530 447 ergo
545 404 607 451 miris
621 404 692 441 modis
706 407 730 442 ut
744 404 803 447 velit,
816 404 845 441 ab
859 403 897 440 illo

38 494 40 496 ·
74 475 186 523 quinovit
200 477 258 513 intus
273 477 295 512 in
308 476 364 520 ipsis
379 476 491 513 bominum
507 476 609 513 cordibus
624 476 717 520 operari,
734 486 777 513 non
793 479 816 512 ut
830 476 899 512 homi·

74 560 118 593 nes,
131 549 189 594 quod
201 548 248 586 fleri
261 559 304 586 non
316 551 393 592 potest,
407 549 504 585 nolentes
518 548 614 591 credant,
626 549 665 585 sed
676 551 699 585 ut
712 549 808 586 volentes
822 559 847 584 ex
861 558 898 583 no-

76 621 169 658 lentibus
181 620 284 658 flama.

125 705 136 727 «
145 693 167 731 Si
181 692 234 738 fides
249 692 314 730 liberi
330 695 362 730 est
375 694 458 730 tautum
473 692 565 736 arbitrii,
581 702 622 730 uec
638 692 701 729 datur
715 704 727 729 a
741 692 793 736 Deo,
809 693 900 735 propter

75 765 128 810 quid
140 775 180 809 pro
191 764 225 808 iis,
238 765 276 808 qui
288 765 365 801 nolunt
376 764 472 808 credere,
484 775 570 802 oramus
583 767 606 801 ut
619 764 722 801 credant?
735 761 899 807 Quod'prorsus

76 837 196 874 taceremus
211 836 312 879 inaniter,
327 836 370 873 nisi
384 835 505 873 rectissime
520 836 657 873 crederemus
673 836 736 873 etiam
751 846 865 879 perversas
880 838 900 872 et

73 908 124 952 fidei
135 908 255 946 contrarias
265 908 386 946 voluntates
395 908 566 951 omnipotentem
574 908 643 945 Deum
654 908 681 945 ad
690 894 825 945 credendum
835 918 898 951 posse

77 983 203 1027 convertere
211 993 222 1017 >>
231 983 255 1017 ⁵⁰.

130 1052 179 1089 «Ac
192 1063 232 1096 per
244 1051 286 1090 hoc
300 1063 340 1090 nec
356 1052 381 1090 de
395 1052 443 1096 ipsa
457 1053 619 1096 perseverantia
633 1052 686 1089 boni
701 1052 768 1089 voluit
782 1053 839 1089 Dens
854 1062 901 1088 san-

77 1128 122 1162 ctos
136 1135 186 1162 suos
199 1125 222 1161 in
237 1124 321 1162 viribus
336 1124 387 1169 suis,
400 1125 476 1162 sedin
492 1125 540 1168 ipso
555 1124 655 1168 gloriari:
672 1124 710 1168 qui
725 1125 756 1162 eis
771 1134 815 1161 non
831 1124 900 1161 solum

77 1196 113 1234 dat
130 1196 261 1234 adiutorium
278 1197 340 1241 quale
357 1197 428 1240 primo
445 1197 530 1234 homini
547 1196 613 1240 dedit,
632 1196 678 1233 sine
696 1207 738 1240 quo
754 1206 798 1234 non
815 1195 901 1239 possint

77 1279 215 1311 perseverare
226 1268 244 1305 si
255 1269 331 1314 velint;
343 1269 380 1306 sed
391 1269 414 1305 in
426 1269 457 1306 eis
468 1269 533 1306 etiam
542 1272 645 1312 operatur
656 1272 676 1306 et
687 1270 752 1305 velle:
765 1271 787 1305 nt
798 1268 901 1312 quoniam

78 1351 123 1378 non
138 1340 314 1384 perseverabunt,
331 1340 374 1378 nisi
392 1344 412 1378 et
427 1340 513 1385 possint
530 1345 551 1379 et
566 1341 640 1384 velint,
658 1341 813 1385 perseverandi
833 1341 864 1378 eis
882 1343 902 1377 et

77 1412 211 1465 possibilitas
227 1416 248 1450 et
263 1413 363 1451 voluntas
380 1413 466 1460 divinae
483 1413 563 1457 gratiae
580 1413 678 1457 largitate
695 1413 793 1451 donetur.
809 1412 901 1449 Tantum

77 1485 159 1529 quippe
173 1485 255 1528 Spiritu
268 1485 347 1523 Sancto
361 1486 488 1523 accenditur
502 1486 601 1523 voluntas
616 1496 697 1542 eorum,
709 1489 733 1522 ut
747 1485 797 1522 ideo
810 1485 902 1528 possint,

78 1556 128 1602 quia
141 1557 172 1594 sie
186 1558 270 1602 volunt3
284 1557 335 1595 ideo
347 1557 378 1595 sic
391 1557 466 1601 velint,
477 1557 528 1602 quia
540 1557 598 1594 Deus
610 1560 713 1601 operatur
725 1560 748 1594 ut
762 1557 835 1594 veiint.
847 1557 902 1593 Nam

78 1629 96 1685 si
107 1629 130 1665 in
142 1632 201 1666 tanta
213 1629 337 1667 infirmitate
349 1629 405 1667 vitae
415 1629 481 1667 ¹huius
496 1629 527 1671 (in
539 1641 582 1674 qua
591 1633 663 1666 tamen
675 1618 800 1673 infirmitate
812 1632 902 1672 propter

79 1701 193 1740 elationem
207 1701 369 1745 reprimendam
382 1702 458 1746 perfici
473 1702 575 1739 virtutem
588 1685 709 1746 oportebat)
726 1703 780 1745 ipsis
796 1702 902 1745 relinque-

78 1776 137 1822 retur
150 1773 250 1810 voluntas
264 1784 308 1817 sua,
321 1776 345 1811 ut
359 1774 381 1810 in
396 1774 505 1811 adiutorio
520 1774 567 1811 sine
582 1784 625 1818 quo
639 1784 779 1817 perseverare
794 1784 838 1810 non
854 1785 902 1817 pos-

78 1847 130 1887 sent,
140 1848 252 1882 manerent
262 1846 280 1882 si
291 1847 376 1890 vellent,
387 1856 426 1883 nee
436 1846 493 1883 Deus
504 1847 527 1882 in
538 1846 569 1883 eis
580 1849 707 1890 operaretur
716 1849 739 1883 ut
750 1847 835 1890 vellent,
844 1846 903 1882 inter
918 1898 920 1900 ‚

78 1906 109 1954 tot
122 1919 143 1953 et
154 1919 224 1954 tantas
237 1917 367 1955 tentationes
381 1917 505 1955 infirmitate
520 1929 557 1955 sua
570 1918 670 1955 voluntas
684 1918 732 1961 ipsa
746 1918 901 1960 succumberet,

79 1991 99 2025 et
114 1988 164 2026 ideo
181 2000 320 2032 perseverare
337 2000 380 2026 non
397 1992 492 2033 possent,
509 1990 560 2034 quia
577 1990 701 2027 deficientes
719 1990 844 2028 infirmitate
862 2000 902 2027 nec

81 2061 165 2105 vellent,
181 2064 275 2099 autnon
292 2062 322 2099 ita
337 2062 417 2099 vellent
431 2062 556 2099 infirmitate
572 2063 688 2099 voluntatis
704 2066 728 2100 ut
741 2065 837 2106 possent.
853 2061 904 2100 Sub·

81 2135 168 2170 ventum
184 2137 215 2171 est
229 2133 296 2177 igitur
311 2134 431 2171 infirmitati
447 2134 564 2171 voluntatis
579 2134 692 2179 humanae,
707 2139 730 2172 ut
747 2135 821 2171 divina
836 2136 904 2178 gratia

82 2204 267 2243 indeclinabiliter
282 2209 302 2243 et
315 2206 493 2249 insuperabiliter
507 2209 639 2250 ageretu1·⁵1;
655 2211 675 2244 et
689 2207 745 2251 ideo,
761 2207 860 2251 quamvis
874 2206 905 2243 in-

128 2358 146 2380 48
159 2355 179 2387 Io
194 2355 210 2394 6,
224 2355 253 2387 44.

128 2429 146 2450 ⁴⁹
159 2425 232 2458 Contra
247 2426 295 2459 duas
312 2427 368 2466 epist.
383 2427 456 2466 Pelagii
474 2429 489 2466 l,
506 2428 533 2466 19,
549 2428 581 2466 37;
597 2428 630 2461 ML
645 2428 673 2467 44,
689 2428 733 2467 568;
750 2429 766 2462 R
783 2429 833 2462 189⁰.

131 2489 148 2511 ⁵⁰
161 2486 188 2518 De
202 2486 266 2525 gratia
280 2490 298 2519 et
312 2486 374 2520 libero
389 2487 471 2520 arbitrio
486 2488 514 2526 14,
528 2488 559 2526 29;
575 2488 608 2520 ML
620 2489 648 2527 44,
661 2489 704 2527 898;
719 2490 735 2522 R
748 2489 803 2527 194ος
819 2490 843 2522 cf.
858 2491 908 2522 1941.

110 2559 111 2562 “
131 2550 145 2571 ⁵1
162 2547 359 2586 «Insuperahiliter»
377 2550 406 2596 ut·
417 2557 440 2580 ex
457 2550 550 2581 contextu
566 2551 626 2587 patet,
642 2558 682 2581 non
700 2549 747 2581 dicit
765 2550 850 2588 gratiam
867 2560 909 2583 esse

84 2606 238 2645 insuperabilem
250 2617 261 2640 a
273 2607 381 2646 voluntate,
393 2607 424 2639 vel
435 2607 559 2640 voluntatem
571 2608 660 2647 superari
673 2620 685 2641 a
695 2610 764 2648 gratia,
776 2610 809 2642 sed
820 2620 855 2648 per
867 2618 909 2648 gra-

84 2666 133 2700 tiam
145 2666 238 2700 voluntas
251 2670 280 2700 est
293 2667 440 2706 insuperabilis,
453 2667 527 2701 scilicet
539 2678 579 2701 non
593 2669 719 2707 superabitur
732 2680 743 2702 a
755 2670 871 2708 tentatione,
885 2671 909 2705 ab

82 2726 205 2760 adversitate.
