1952 3093
373 74 495 111 -249—

11 175 12 178 Ἰ
25 196 140 245 propheta:
156 195 215 231 lacta
227 195 251 231 in
265 195 333 231 Deum
347 195 500 238 cogitationem
514 198 578 237 tuam,
593 198 613 231 et
627 194 674 237 ipse
689 197 709 229 te
724 193 817 230 enutriet
825 195 849 228 5⁹.

25 274 55 309 An
63 269 122 304 'torte
133 267 247 311 quisquam
258 267 288 303 ita
299 266 419 303 insolenter
431 266 534 310 superbit,
547 270 568 303 et
577 267 607 303 ita
619 277 640 302 se
652 266 757 309 illaesum,
768 265 799 302 ita
810 266 849 324 im-

26 341 153 381 maculatum
170 350 215 375 esse
233 338 357 382 praesumit,
374 342 398 375 ut
415 339 495 375 nullius
512 339 556 375 iam
574 338 721 375 renovationis
739 336 850 381 indigeat‘.>

26 412 114 452 Fallitur
125 421 214 455 prorsus
225 411 267 450 ista
278 410 396 455 persuasio,
409 415 429 447 et
441 411 509 462 nimia
521 411 615 447 vanitate
628 411 743 447 veterascit
753 411 850 454 quicum-

26 497 65 531 que
78 484 135 520 inter
148 483 277 519 tentationes
289 471 353 519 huius
368 483 424 519 vitae
439 483 464 519 ah
479 484 538 519 omni
552 493 573 519 se
588 483 676 519 vulnere
690 482 760 519 credit
773 483 850 518 immu-

27 559 126 595 nem»⁶⁰.

103 627 123 669 2)
142 626 196 664 Cum
215 627 296 663 auxilio
315 627 390 664 divino
410 626 510 664 omnibus
529 630 560 664 est
578 627 693 669 possibile:
716 626 736 663 S.
755 626 849 662 Ioannes

28 702 213 739 Cnursosromus:
231 699 297 736 «Non
311 699 363 736 licet
378 699 461 735 dicere:
479 698 527 735 Non
542 709 640 743 possum;
657 699 680 735 id
696 699 753 735 enim
769 701 801 735 est
817 708 850 734 ac-

27 770 100 810 cusare
113 774 239 808 creatorem.
251 771 306 808 Nam
320 772 338 808 si
352 781 392 807 nos
406 771 459 807 fecit
472 770 592 807 imbecilles
608 774 628 807 et
641 771 719 813 iubeat,
734 771 804 813 ipsius
819 774 849 806 est

27 845 141 883 accusatio.
155 844 266 887 Quomodo
282 853 338 887 ergo,
354 844 431 887 inquit,
445 844 506 880 multi
522 854 565 879 non
581 843 684 886 possunt‘?
700 844 754 886 Quia
769 844 852 880 nolunt.

28 917 137 961 Quomodo
150 927 192 953 non
207 916 294 953 volunt?
306 916 360 953 Prae
372 916 464 960 desidia;
477 927 527 952 nam
540 916 558 952 si
570 916 684 958 voluerint,
697 919 798 958 poterunt
809 926 852 951 om-

27 991 98 1026 nino...
116 988 223 1025 Habemus
242 988 300 1025 enim
318 989 386 1025 Deum
404 992 557 1032 cooperantem
575 992 597 1025 et
613 988 727 1025 nobiscum
745 990 851 1031 agentem;

28 1062 95 1098 solum
108 1059 218 1103 eligamus,
230 1061 299 1097 solum
312 1061 340 1097 ad
351 1071 397 1097 rem
408 1063 517 1104 tamquam
528 1060 556 1097 ad
568 1071 622 1103 opus
634 1060 770 1103 accedamus,
782 1060 852 1096 solum

28 1134 93 1170 simus
106 1132 201 1175 solliciti,
215 1133 284 1168 solum
296 1134 389 1169 mentem
401 1132 549 1175 adhibeamus,
561 1136 581 1168 et
595 1132 668 1169 omnia
681 1134 818 1175 sequuntur»
827 1135 851 1166 ⁶1.

81 1203 100 1241 S.
115 1204 268 1241 Auousrruus:
286 1217 297 1239 «
306 1203 328 1241 Si
341 1213 391 1247 ergo
407 1204 505 1241 volumus
520 1203 603 1241 animos
619 1204 646 1240 ad
661 1207 719 1240 recte
734 1203 852 1240 vivendum

29 1276 118 1320 frigidos
131 1279 151 1313 et
162 1276 236 1319 pigros
249 1276 375 1313 christianis
385 1276 573 1313 exhortationibus
585 1276 679 1312 excitare
692 1278 713 1312 et
725 1276 852 1317 accendere,

28 1348 129 1391 primitus
142 1347 280 1384 exhortemur
295 1348 323 1384 ad
335 1347 406 1392 fidem,
420 1359 462 1391 qua
475 1347 590 1384 christiani
601 1347 660 1391 fiant,
674 1350 694 1383 et
709 1348 754 1384 eius
768 1347 852 1384 nomini

27 1414 170 1463 subiciantur,
186 1421 233 1458 sine
248 1431 290 1465 quo
307 1421 361 1457 salvi
376 1431 422 1457 esse
439 1431 483 1457 non
499 1424 596 1463 possunt.
614 1420 635 1457 Si
652 1422 723 1457 autern
739 1421 783 1456 iam
800 1419 856 1456 chri-

29 1493 92 1529 stiani
103 1496 158 1537 sunt,
170 1496 190 1530 et
200 1496 257 1529 recte
269 1493 341 1530 vivere
350 1494 467 1536 negligunt,
478 1494 619 1530 verberentur
628 1493 754 1535 terroribus,
764 1496 784 1528 et
793 1503 854 1535 prae-

29 1565 120 1601 miorum
131 1564 231 1601 laudibus
245 1564 365 1607 erigantur:
380 1565 411 1601 ita
423 1575 481 1607 sane,
493 1568 516 1601 ut
528 1575 572 1601 non
585 1564 654 1602 solum
667 1564 695 1601 ad
707 1564 775 1601 bonas
787 1564 852 1601 actio-

29 1646 72 1678 nes,
90 1646 164 1672 vemm
180 1636 245 1672 etiarn
263 1636 356 1679 ad-pias
374 1636 483 1673 orationes
500 1647 536 1673 eos
554 1636 664 1673 exhortari
683 1636 852 1679 meminerimus,

30 1711 90 1751 atque
107 1708 148 1744 hac
165 1708 272 1745 instruere
289 1708 380 1744 sanitate
398 1708 516 1752 doctrinae,
532 1712 555 1745 ut
571 1711 591 1744 et
606 1708 667 1744 illinc
685 1709 765 1750 gratias
783 1711 853 1751 agant,

29 1790 76 1815 cum
88 1779 222 1816 instituerint
233 1780 288 1816 bene
299 1780 379 1824 vivere,
390 1781 449 1824 quod
461 1771 543 1824 aliquid
556 1780 602 1818 sine
614 1780 738 1816 difficultate
750 1780 852 1823 fecerint3

30 1854 49 1887 et
62 1851 99 1887 uhi
114 1851 261 1888 difficultatem
277 1852 371 1896 aliquam
386 1852 493 1894 sentiunt,¹
502 1851 635 1889 fidelissimis
649 1855 670 1888 et
684 1852 853 1894 perseverantis-

30 1922 89 1959 simis
100 1923 203 1965 precihus
213 1926 235 1960 et
244 1923 408 1960 misericordiae
418 1924 526 1966 promptis
537 1924 639 1966 operibus
651 1923 778 1960 facilitatem
790 1935 801 1959 3
813 1923 854 1959 Do-

30 1995 88 2030 mino
103 1995 221 2037 impetrare
237 1995 360 2037 persistant.
376 1995 411 2032 Sic
426 1998 498 2032 autern
515 1994 659 2038 proficientes,
676 1995 713 2031 ubi
730 1998 750 2032 et
766 1993 853 2038 quando

30 2067 154 2107 plenissima
168 2068 250 2104 iustitia
264 2051 468 2110 perficiantunnon
481 2068 547 2103 nimis
560 2079 622 2104 curo:
639 2068 770 2111 ubicumque
785 2070 855 2104 autem

31 2140 51 2173 et
67 2138 247 2183 quandocumque
264 2139 357 2182 perfecti
375 2140 462 2183 tuerint,
480 2139 569 2176 nonnisi
585 2139 654 2183 gratia
670 2139 710 2176 Dei
727 2150 767 2183 per
784 2139 854 2176 Iesum

32 2208 139 2247 Christum
154 2210 271 2247 Dominum
286 2214 384 2247 nostrum
399 2211 474 2254 perfici
490 2222 554 2253 posse
570 2210 681 2248 confirmo.
698 2211 753 2248 Sane
767 2211 854 2255 quando

31 2280 113 2325 liquido
127 2283 268 2325 cognoverint
281 2284 363 2319 nullum
376 2285 488 2326 peccatum
503 2294 524 2319 se
538 2282 624 2325 hahere,
638 2294 682 2320 non
695 2294 716 2320 se
731 2283 806 2320 dicant
819 2283 855 2319 ha-

30 2350 80 2389 bere
91 2350 210 2397 peccatum,
220 2365 247 2392 ne
257 2354 336 2391 veritas
346 2354 369 2390 in
381 2355 411 2391 eis
422 2365 465 2391 non
478 2355 514 2398 sit3
527 2354 582 2391 sicut
592 2355 615 2390 in
628 2355 658 2391 eis
670 2355 749 2391 veritas
761 2366 804 2391 non
817 2358 854 2397 est,

31 2425 67 2467 qui
79 2436 128 2462 cum
139 2425 239 2470 habeant,
251 2436 295 2462 non
307 2425 387 2463 habere
398 2437 420 2462 se
434 2426 515 2463 dicunt.

32 2501 175 2509 Q..—

79 2554 96 2575 59
110 2552 134 2583 Ps
147 2552 175 2586 54.
188 2552 216 2583 23.

80 2615 96 2635 4³0
111 2612 216 2649 3311111143,
229 2613 247 2647 1:
262 2612 294 2643 llL
307 2613 335 2650 54,
348 2612 391 2649 281;
405 2612 422 2643 R
435 2612 486 2643 2201.
499 2612 602 2644 Praeterea
612 2612 656 2644 vide
669 2615 734 2644 textus
747 2613 767 2644 in
780 2622 857 2651 pracce-

33 2669 89 2701 dente
101 2673 152 2721 thesi
164 2673 242 2703 allatos.
444 2721 446 2724 ι

80 2735 97 2755 ⁶1
110 2732 131 2763 ln
146 2732 201 2770 epist.
216 2733 240 2763 ad
255 2732 311 2763 llebr.
325 2733 393 2764 homil.
408 2732 436 2770 16,
450 2733 469 2770 4;
485 2732 519 2764 llG
533 2732 560 2770 63,
573 2733 616 2769 127;
632 2732 647 2765 R
661 2732 712 2764 1220.
