<?xml version="1.0" encoding="UTF-8"?>
<!DOCTYPE html PUBLIC "-//W3C//DTD XHTML 1.0 Transitional//EN"
    "http://www.w3.org/TR/xhtml1/DTD/xhtml1-transitional.dtd">
<html xmlns="http://www.w3.org/1999/xhtml" xml:lang="en" lang="en">
 <head>
  <title>
</title>
<meta http-equiv="Content-Type" content="text/html;charset=utf-8" />
  <meta name='ocr-system' content='tesseract 3.04.00' />
  <meta name='ocr-capabilities' content='ocr_page ocr_carea ocr_par ocr_line ocrx_word'/>
</head>
<body>
  <div class='ocr_page' id='page_1' title='image "./MN41638ucmf_6_0426.png"; bbox 0 0 1952 3093; ppageno 0'>
   <div class='ocr_carea' id='block_1_1' title="bbox 388 220 880 304">
    <p class='ocr_par' dir='ltr' id='par_1_1' title="bbox 388 220 880 304">
     <span class='ocr_line' id='line_1_1' title="bbox 840 220 880 244; baseline -0.025 -1"><span class='ocrx_word' id='word_1_1' title='bbox 840 220 880 244; x_wconf 70' lang='lat' dir='ltr'>ruo.</span> 
     </span>
     <span class='ocr_line' id='line_1_2' title="bbox 388 270 574 304; baseline -0.005 0"><span class='ocrx_word' id='word_1_2' title='bbox 388 270 448 304; x_wconf 83' lang='lat' dir='ltr'><strong>PARS</strong></span> <span class='ocrx_word' id='word_1_3' title='bbox 464 270 574 304; x_wconf 84' lang='lat' dir='ltr'><strong>SECUNDA</strong></span> 
     </span>
    </p>
   </div>
   <div class='ocr_carea' id='block_1_2' title="bbox 221 340 884 394">
    <p class='ocr_par' dir='ltr' id='par_1_2' title="bbox 221 340 884 394">
     <span class='ocr_line' id='line_1_3' title="bbox 221 340 884 394; baseline -0.005 -2"><span class='ocrx_word' id='word_1_4' title='bbox 221 340 727 394; x_wconf 62' lang='grc'><strong>1111111111111111111111111111111111111</strong></span> <span class='ocrx_word' id='word_1_5' title='bbox 779 381 783 387; x_wconf 76' lang='lat'>.</span> <span class='ocrx_word' id='word_1_6' title='bbox 821 358 884 390; x_wconf 80' lang='grc'><strong>,134</strong></span> 
     </span>
    </p>
   </div>
   <div class='ocr_carea' id='block_1_3' title="bbox 176 493 882 593">
    <p class='ocr_par' dir='ltr' id='par_1_3' title="bbox 176 493 882 593">
     <span class='ocr_line' id='line_1_4' title="bbox 176 493 822 535; baseline 0.006 -11"><span class='ocrx_word' id='word_1_7' title='bbox 176 493 243 526; x_wconf 76' lang='lat' dir='ltr'>Sucrro</span> <span class='ocrx_word' id='word_1_8' title='bbox 261 494 274 525; x_wconf 95' lang='lat' dir='ltr'>l.</span> <span class='ocrx_word' id='word_1_9' title='bbox 290 514 313 518; x_wconf 79' lang='lat'>—</span> <span class='ocrx_word' id='word_1_10' title='bbox 330 495 380 535; x_wconf 84' lang='lat' dir='ltr'>Quid</span> <span class='ocrx_word' id='word_1_11' title='bbox 394 497 484 534; x_wconf 80' lang='lat' dir='ltr'>peccator</span> <span class='ocrx_word' id='word_1_12' title='bbox 499 495 579 528; x_wconf 78' lang='lat' dir='ltr'>adultus</span> <span class='ocrx_word' id='word_1_13' title='bbox 596 506 639 529; x_wconf 85' lang='grc'><strong>111111</strong></span> <span class='ocrx_word' id='word_1_14' title='bbox 656 496 731 529; x_wconf 68' lang='lat' dir='ltr'>auxilio</span> <span class='ocrx_word' id='word_1_15' title='bbox 748 496 822 535; x_wconf 74' lang='grc'><strong>,1111111111</strong></span> 
     </span>
     <span class='ocr_line' id='line_1_5' title="bbox 222 555 882 593; baseline 0.003 -6"><span class='ocrx_word' id='word_1_16' title='bbox 222 555 284 593; x_wconf 85' lang='lat' dir='ltr'>possit</span> <span class='ocrx_word' id='word_1_17' title='bbox 299 566 321 588; x_wconf 82' lang='lat' dir='ltr'>oc</span> <span class='ocrx_word' id='word_1_18' title='bbox 334 555 403 589; x_wconf 79' lang='lat' dir='ltr'>debeat</span> <span class='ocrx_word' id='word_1_19' title='bbox 443 581 822 587; x_wconf 76' lang='grc'>..........</span> <span class='ocrx_word' id='word_1_20' title='bbox 849 557 882 589; x_wconf 82' lang='grc'>131</span> 
     </span>
    </p>
   </div>
   <div class='ocr_carea' id='block_1_4' title="bbox 59 638 887 1342">
    <p class='ocr_par' dir='ltr' id='par_1_4' title="bbox 59 638 884 857">
     <span class='ocr_line' id='line_1_6' title="bbox 59 638 824 680; baseline 0.005 -10"><span class='ocrx_word' id='word_1_21' title='bbox 59 638 126 670; x_wconf 78' lang='lat' dir='ltr'>Thesis</span> <span class='ocrx_word' id='word_1_22' title='bbox 140 639 160 671; x_wconf 86' lang='lat'>6:</span> <span class='ocrx_word' id='word_1_23' title='bbox 176 639 270 678; x_wconf 79' lang='lat' dir='ltr'>Quamvis</span> <span class='ocrx_word' id='word_1_24' title='bbox 288 640 340 673; x_wconf 83' lang='lat' dir='ltr'>nihil</span> <span class='ocrx_word' id='word_1_25' title='bbox 358 650 432 680; x_wconf 81' lang='lat' dir='ltr'>eorum,</span> <span class='ocrx_word' id='word_1_26' title='bbox 450 651 500 680; x_wconf 85' lang='lat' dir='ltr'>quae</span> <span class='ocrx_word' id='word_1_27' title='bbox 517 641 681 674; x_wconf 83' lang='lat' dir='ltr'>iustificationem</span> <span class='ocrx_word' id='word_1_28' title='bbox 701 642 824 675; x_wconf 84' lang='lat' dir='ltr'>antecedunt.</span> 
     </span>
     <span class='ocr_line' id='line_1_7' title="bbox 106 700 824 740; baseline 0.004 -8"><span class='ocrx_word' id='word_1_29' title='bbox 106 709 149 732; x_wconf 88' lang='lat' dir='ltr'>eam</span> <span class='ocrx_word' id='word_1_30' title='bbox 163 703 267 739; x_wconf 83' lang='lat' dir='ltr'>mereatur,</span> <span class='ocrx_word' id='word_1_31' title='bbox 279 700 338 734; x_wconf 92' lang='lat' dir='ltr'>homo</span> <span class='ocrx_word' id='word_1_32' title='bbox 352 704 417 734; x_wconf 85' lang='lat' dir='ltr'>tamen</span> <span class='ocrx_word' id='word_1_33' title='bbox 432 702 511 735; x_wconf 85' lang='lat' dir='ltr'>adultus</span> <span class='ocrx_word' id='word_1_34' title='bbox 524 702 548 735; x_wconf 88' lang='lat' dir='ltr'>ad</span> <span class='ocrx_word' id='word_1_35' title='bbox 561 712 604 734; x_wconf 83' lang='lat' dir='ltr'>eam</span> <span class='ocrx_word' id='word_1_36' title='bbox 618 702 721 740; x_wconf 82' lang='lat' dir='ltr'>disponere</span> <span class='ocrx_word' id='word_1_37' title='bbox 735 712 755 734; x_wconf 90' lang='lat' dir='ltr'>se</span> <span class='ocrx_word' id='word_1_38' title='bbox 768 702 824 735; x_wconf 87' lang='lat' dir='ltr'>dehet</span> 
     </span>
     <span class='ocr_line' id='line_1_8' title="bbox 107 760 825 800; baseline 0.003 -7"><span class='ocrx_word' id='word_1_39' title='bbox 107 760 183 793; x_wconf 86' lang='lat' dir='ltr'>actibus</span> <span class='ocrx_word' id='word_1_40' title='bbox 197 761 246 793; x_wconf 84' lang='lat' dir='ltr'>fidei</span> <span class='ocrx_word' id='word_1_41' title='bbox 262 764 281 793; x_wconf 88' lang='lat' dir='ltr'>et</span> <span class='ocrx_word' id='word_1_42' title='bbox 295 761 380 795; x_wconf 87' lang='lat' dir='ltr'>aliarum</span> <span class='ocrx_word' id='word_1_43' title='bbox 396 763 502 800; x_wconf 80' lang='lat' dir='ltr'>rirtutum;</span> <span class='ocrx_word' id='word_1_44' title='bbox 520 763 609 795; x_wconf 87' lang='lat' dir='ltr'>doctrina</span> <span class='ocrx_word' id='word_1_45' title='bbox 624 765 689 796; x_wconf 86' lang='lat' dir='ltr'>autem</span> <span class='ocrx_word' id='word_1_46' title='bbox 705 763 728 795; x_wconf 88' lang='lat' dir='ltr'>de</span> <span class='ocrx_word' id='word_1_47' title='bbox 744 763 785 795; x_wconf 81' lang='lat' dir='ltr'>lide</span> <span class='ocrx_word' id='word_1_48' title='bbox 800 763 825 795; x_wconf 81' lang='lat' dir='ltr'>fi-</span> 
     </span>
     <span class='ocr_line' id='line_1_9' title="bbox 107 815 884 857; baseline 0.004 -3"><span class='ocrx_word' id='word_1_49' title='bbox 107 821 179 854; x_wconf 85' lang='lat' dir='ltr'>duciali</span> <span class='ocrx_word' id='word_1_50' title='bbox 197 822 296 855; x_wconf 81' lang='lat' dir='ltr'>reicienda</span> <span class='ocrx_word' id='word_1_51' title='bbox 313 826 343 856; x_wconf 85' lang='lat' dir='ltr'>est</span> <span class='ocrx_word' id='word_1_52' title='bbox 404 847 825 855; x_wconf 44' lang='lat'><em>...........</em></span> <span class='ocrx_word' id='word_1_53' title='bbox 851 815 884 857; x_wconf 74' lang='lat'>135</span> 
     </span>
    </p>

    <p class='ocr_par' dir='ltr' id='par_1_5' title="bbox 60 882 885 923">
     <span class='ocr_line' id='line_1_10' title="bbox 60 882 885 923; baseline 0.004 -9"><span class='ocrx_word' id='word_1_54' title='bbox 60 882 130 915; x_wconf 89' lang='lat' dir='ltr'>Utrum</span> <span class='ocrx_word' id='word_1_55' title='bbox 148 885 202 915; x_wconf 78' lang='lat' dir='ltr'>actus</span> <span class='ocrx_word' id='word_1_56' title='bbox 219 883 346 922; x_wconf 81' lang='lat' dir='ltr'>disponentes</span> <span class='ocrx_word' id='word_1_57' title='bbox 364 885 404 917; x_wconf 82' lang='lat' dir='ltr'>sint</span> <span class='ocrx_word' id='word_1_58' title='bbox 421 885 524 923; x_wconf 77' lang='lat' dir='ltr'>dispositio</span> <span class='ocrx_word' id='word_1_59' title='bbox 542 884 624 923; x_wconf 80' lang='lat' dir='ltr'>physica</span> <span class='ocrx_word' id='word_1_60' title='bbox 655 909 826 915; x_wconf 64' lang='grc'>.....</span> <span class='ocrx_word' id='word_1_61' title='bbox 853 884 885 917; x_wconf 84' lang='grc'>147</span> 
     </span>
    </p>

    <p class='ocr_par' dir='ltr' id='par_1_6' title="bbox 61 942 885 984">
     <span class='ocr_line' id='line_1_11' title="bbox 61 942 885 984; baseline 0.002 -9"><span class='ocrx_word' id='word_1_62' title='bbox 61 942 130 975; x_wconf 81' lang='lat' dir='ltr'><strong>Utrum</strong></span> <span class='ocrx_word' id='word_1_63' title='bbox 146 946 201 977; x_wconf 83' lang='lat' dir='ltr'>actus</span> <span class='ocrx_word' id='word_1_64' title='bbox 215 944 342 983; x_wconf 82' lang='lat' dir='ltr'>disponentes</span> <span class='ocrx_word' id='word_1_65' title='bbox 359 945 381 977; x_wconf 87' lang='lat' dir='ltr'>de</span> <span class='ocrx_word' id='word_1_66' title='bbox 396 954 480 984; x_wconf 81' lang='lat' dir='ltr'>congruo</span> <span class='ocrx_word' id='word_1_67' title='bbox 497 945 581 983; x_wconf 80' lang='lat' dir='ltr'>gratiam</span> <span class='ocrx_word' id='word_1_68' title='bbox 596 948 710 978; x_wconf 86' lang='lat' dir='ltr'>mereantur</span> <span class='ocrx_word' id='word_1_69' title='bbox 738 970 741 975; x_wconf 89' lang='lat'><em>.</em></span> <span class='ocrx_word' id='word_1_70' title='bbox 780 970 784 976; x_wconf 75' lang='lat'><strong>.</strong></span> <span class='ocrx_word' id='word_1_71' title='bbox 822 970 825 977; x_wconf 90' lang='lat'><em>.</em></span> <span class='ocrx_word' id='word_1_72' title='bbox 853 945 885 978; x_wconf 82' lang='grc'>148</span> 
     </span>
    </p>

    <p class='ocr_par' dir='ltr' id='par_1_7' title="bbox 61 1003 886 1106">
     <span class='ocr_line' id='line_1_12' title="bbox 61 1003 826 1045; baseline 0.001 -8"><span class='ocrx_word' id='word_1_73' title='bbox 61 1003 128 1037; x_wconf 80' lang='lat' dir='ltr'>Tiresis</span> <span class='ocrx_word' id='word_1_74' title='bbox 142 1005 162 1038; x_wconf 91' lang='lat'>7:</span> <span class='ocrx_word' id='word_1_75' title='bbox 178 1005 206 1037; x_wconf 82' lang='lat' dir='ltr'>Ad</span> <span class='ocrx_word' id='word_1_76' title='bbox 223 1005 259 1038; x_wconf 85' lang='lat' dir='ltr'>hos</span> <span class='ocrx_word' id='word_1_77' title='bbox 275 1008 330 1043; x_wconf 81' lang='lat' dir='ltr'>actus</span> <span class='ocrx_word' id='word_1_78' title='bbox 347 1006 444 1039; x_wconf 86' lang='lat' dir='ltr'>salutares</span> <span class='ocrx_word' id='word_1_79' title='bbox 460 1006 571 1044; x_wconf 85' lang='lat' dir='ltr'>eliciendos,</span> <span class='ocrx_word' id='word_1_80' title='bbox 589 1007 648 1039; x_wconf 88' lang='lat' dir='ltr'>etiam</span> <span class='ocrx_word' id='word_1_81' title='bbox 666 1007 689 1038; x_wconf 87' lang='lat' dir='ltr'>ad</span> <span class='ocrx_word' id='word_1_82' title='bbox 706 1007 771 1045; x_wconf 84' lang='lat' dir='ltr'>ipsum</span> <span class='ocrx_word' id='word_1_83' title='bbox 789 1007 826 1038; x_wconf 89' lang='lat' dir='ltr'>ini-</span> 
     </span>
     <span class='ocr_line' id='line_1_13' title="bbox 107 1065 886 1106; baseline 0.001 -9"><span class='ocrx_word' id='word_1_84' title='bbox 107 1066 159 1098; x_wconf 89' lang='lat' dir='ltr'>tium</span> <span class='ocrx_word' id='word_1_85' title='bbox 173 1065 228 1105; x_wconf 83' lang='lat' dir='ltr'>fidei,</span> <span class='ocrx_word' id='word_1_86' title='bbox 242 1067 321 1099; x_wconf 86' lang='lat' dir='ltr'>interna</span> <span class='ocrx_word' id='word_1_87' title='bbox 334 1067 397 1106; x_wconf 75' lang='lat' dir='ltr'>gratia</span> <span class='ocrx_word' id='word_1_88' title='bbox 412 1070 440 1099; x_wconf 84' lang='lat' dir='ltr'>est</span> <span class='ocrx_word' id='word_1_89' title='bbox 455 1066 544 1099; x_wconf 87' lang='lat' dir='ltr'>absolute</span> <span class='ocrx_word' id='word_1_90' title='bbox 559 1067 669 1099; x_wconf 81' lang='lat' dir='ltr'>necessaria</span> <span class='ocrx_word' id='word_1_91' title='bbox 697 1092 701 1098; x_wconf 88' lang='lat'><em>.</em></span> <span class='ocrx_word' id='word_1_92' title='bbox 739 1091 742 1097; x_wconf 92' lang='lat'><em>.</em></span> <span class='ocrx_word' id='word_1_93' title='bbox 781 1092 784 1098; x_wconf 96' lang='lat'><em>.</em></span> <span class='ocrx_word' id='word_1_94' title='bbox 823 1092 826 1099; x_wconf 90' lang='lat'><em>.</em></span> <span class='ocrx_word' id='word_1_95' title='bbox 853 1068 886 1098; x_wconf 74' lang='lat'>159</span> 
     </span>
    </p>

    <p class='ocr_par' dir='ltr' id='par_1_8' title="bbox 62 1126 887 1227">
     <span class='ocr_line' id='line_1_14' title="bbox 62 1126 830 1169; baseline 0 -10"><span class='ocrx_word' id='word_1_96' title='bbox 62 1126 129 1159; x_wconf 81' lang='lat' dir='ltr'>Thesis</span> <span class='ocrx_word' id='word_1_97' title='bbox 143 1127 202 1159; x_wconf 89' lang='lat' dir='ltr'>8:·Hi</span> <span class='ocrx_word' id='word_1_98' title='bbox 221 1130 276 1159; x_wconf 85' lang='lat' dir='ltr'>actus</span> <span class='ocrx_word' id='word_1_99' title='bbox 292 1128 316 1159; x_wconf 89' lang='lat' dir='ltr'>ad</span> <span class='ocrx_word' id='word_1_100' title='bbox 333 1127 498 1160; x_wconf 83' lang='lat' dir='ltr'>iustificationem</span> <span class='ocrx_word' id='word_1_101' title='bbox 516 1128 642 1165; x_wconf 84' lang='lat' dir='ltr'>disponentes</span> <span class='ocrx_word' id='word_1_102' title='bbox 660 1131 706 1159; x_wconf 88' lang='lat' dir='ltr'>suut</span> <span class='ocrx_word' id='word_1_103' title='bbox 724 1128 830 1169; x_wconf 27' lang='lat' dir='ltr'>entitative·</span> 
     </span>
     <span class='ocr_line' id='line_1_15' title="bbox 109 1188 887 1227; baseline 0 -7"><span class='ocrx_word' id='word_1_104' title='bbox 109 1188 269 1227; x_wconf 80' lang='lat' dir='ltr'>supernaturales</span> <span class='ocrx_word' id='word_1_105' title='bbox 322 1213 827 1220; x_wconf 82' lang='grc'>.............</span> <span class='ocrx_word' id='word_1_106' title='bbox 853 1189 887 1220; x_wconf 78' lang='grc'>171</span> 
     </span>
    </p>

    <p class='ocr_par' dir='ltr' id='par_1_9' title="bbox 62 1248 884 1342">
     <span class='ocr_line' id='line_1_16' title="bbox 62 1248 827 1288; baseline 0.003 -8"><span class='ocrx_word' id='word_1_107' title='bbox 62 1249 111 1287; x_wconf 72' lang='lat' dir='ltr'>Ergo</span> <span class='ocrx_word' id='word_1_108' title='bbox 129 1249 192 1288; x_wconf 74' lang='lat' dir='ltr'>gratia</span> <span class='ocrx_word' id='word_1_109' title='bbox 213 1248 297 1282; x_wconf 81' lang='lat' dir='ltr'>actualis</span> <span class='ocrx_word' id='word_1_110' title='bbox 317 1249 395 1282; x_wconf 78' lang='lat' dir='ltr'>elevans</span> <span class='ocrx_word' id='word_1_111' title='bbox 415 1253 443 1282; x_wconf 88' lang='lat' dir='ltr'>est</span> <span class='ocrx_word' id='word_1_112' title='bbox 463 1250 536 1281; x_wconf 90' lang='lat' dir='ltr'>donum</span> <span class='ocrx_word' id='word_1_113' title='bbox 555 1249 622 1281; x_wconf 83' lang='lat' dir='ltr'>stricte</span> <span class='ocrx_word' id='word_1_114' title='bbox 643 1250 751 1287; x_wconf 79' lang='lat' dir='ltr'>gratuitum</span> <span class='ocrx_word' id='word_1_115' title='bbox 771 1250 827 1282; x_wconf 93' lang='lat' dir='ltr'>nullo</span> 
     </span>
     <span class='ocr_line' id='line_1_17' title="bbox 107 1309 884 1342; baseline 0.001 -1"><span class='ocrx_word' id='word_1_116' title='bbox 107 1310 164 1342; x_wconf 91' lang='lat' dir='ltr'>modo</span> <span class='ocrx_word' id='word_1_117' title='bbox 179 1309 267 1342; x_wconf 86' lang='lat' dir='ltr'>debitum</span> <span class='ocrx_word' id='word_1_118' title='bbox 321 1335 825 1342; x_wconf 79' lang='grc'><em>.............</em></span> <span class='ocrx_word' id='word_1_119' title='bbox 852 1311 884 1342; x_wconf 83' lang='grc'>178</span> 
     </span>
    </p>
   </div>
   <div class='ocr_carea' id='block_1_5' title="bbox 180 1428 886 1531">
    <p class='ocr_par' dir='ltr' id='par_1_10' title="bbox 180 1428 886 1531">
     <span class='ocr_line' id='line_1_18' title="bbox 180 1428 826 1471; baseline 0.002 -8"><span class='ocrx_word' id='word_1_120' title='bbox 180 1431 248 1464; x_wconf 74' lang='lat' dir='ltr'>sacrm</span> <span class='ocrx_word' id='word_1_121' title='bbox 263 1432 286 1463; x_wconf 87' lang='lat' dir='ltr'>ll.</span> <span class='ocrx_word' id='word_1_122' title='bbox 300 1451 324 1455; x_wconf 89' lang='lat'><em>-</em></span> <span class='ocrx_word' id='word_1_123' title='bbox 339 1431 390 1471; x_wconf 81' lang='lat' dir='ltr'>Quid</span> <span class='ocrx_word' id='word_1_124' title='bbox 403 1428 492 1470; x_wconf 76' lang='lat' dir='ltr'>peccator</span> <span class='ocrx_word' id='word_1_125' title='bbox 507 1432 586 1464; x_wconf 77' lang='lat' dir='ltr'>adultus</span> <span class='ocrx_word' id='word_1_126' title='bbox 602 1432 645 1464; x_wconf 82' lang='lat' dir='ltr'>sine</span> <span class='ocrx_word' id='word_1_127' title='bbox 660 1432 736 1465; x_wconf 72' lang='lat' dir='ltr'>auxilio</span> <span class='ocrx_word' id='word_1_128' title='bbox 752 1434 826 1471; x_wconf 78' lang='lat' dir='ltr'>proticre</span> 
     </span>
     <span class='ocr_line' id='line_1_19' title="bbox 229 1492 886 1531; baseline 0.002 -8"><span class='ocrx_word' id='word_1_129' title='bbox 229 1492 292 1530; x_wconf 85' lang='lat' dir='ltr'>possit</span> <span class='ocrx_word' id='word_1_130' title='bbox 303 1494 321 1525; x_wconf 86' lang='lat' dir='ltr'>et</span> <span class='ocrx_word' id='word_1_131' title='bbox 332 1502 372 1525; x_wconf 91' lang='lat' dir='ltr'>non</span> <span class='ocrx_word' id='word_1_132' title='bbox 384 1493 447 1531; x_wconf 83' lang='lat' dir='ltr'>possit</span> <span class='ocrx_word' id='word_1_133' title='bbox 491 1517 828 1524; x_wconf 87' lang='grc'><em>.........</em></span> <span class='ocrx_word' id='word_1_134' title='bbox 855 1493 886 1525; x_wconf 92' lang='grc'>181</span> 
     </span>
    </p>
   </div>
   <div class='ocr_carea' id='block_1_6' title="bbox 63 1576 889 2163">
    <p class='ocr_par' dir='ltr' id='par_1_11' title="bbox 63 1576 889 2163">
     <span class='ocr_line' id='line_1_20' title="bbox 64 1576 887 1616; baseline 0.001 -8"><span class='ocrx_word' id='word_1_135' title='bbox 64 1576 131 1608; x_wconf 80' lang='lat' dir='ltr'>Thesis</span> <span class='ocrx_word' id='word_1_136' title='bbox 144 1576 165 1608; x_wconf 87' lang='lat'>9:</span> <span class='ocrx_word' id='word_1_137' title='bbox 180 1576 222 1609; x_wconf 89' lang='lat' dir='ltr'>Non</span> <span class='ocrx_word' id='word_1_138' title='bbox 237 1576 305 1609; x_wconf 86' lang='lat' dir='ltr'>omnia</span> <span class='ocrx_word' id='word_1_139' title='bbox 318 1586 377 1616; x_wconf 86' lang='lat' dir='ltr'>opera</span> <span class='ocrx_word' id='word_1_140' title='bbox 392 1576 505 1609; x_wconf 84' lang='lat' dir='ltr'>infidelium</span> <span class='ocrx_word' id='word_1_141' title='bbox 519 1580 537 1609; x_wconf 90' lang='lat' dir='ltr'>et</span> <span class='ocrx_word' id='word_1_142' title='bbox 551 1580 675 1615; x_wconf 79' lang='lat' dir='ltr'>peecatorum</span> <span class='ocrx_word' id='word_1_143' title='bbox 691 1580 737 1609; x_wconf 84' lang='lat' dir='ltr'>sunt</span> <span class='ocrx_word' id='word_1_144' title='bbox 750 1581 829 1616; x_wconf 85' lang='lat' dir='ltr'>peecata</span> <span class='ocrx_word' id='word_1_145' title='bbox 855 1577 887 1609; x_wconf 79' lang='grc'>188</span> 
     </span>
     <span class='ocr_line' id='line_1_21' title="bbox 64 1637 829 1676; baseline 0.003 -8"><span class='ocrx_word' id='word_1_146' title='bbox 64 1637 131 1669; x_wconf 78' lang='lat' dir='ltr'>Thesis</span> <span class='ocrx_word' id='word_1_147' title='bbox 145 1637 177 1669; x_wconf 85' lang='lat'>10:</span> <span class='ocrx_word' id='word_1_148' title='bbox 193 1637 255 1670; x_wconf 88' lang='lat' dir='ltr'>Homo</span> <span class='ocrx_word' id='word_1_149' title='bbox 271 1637 339 1676; x_wconf 87' lang='lat' dir='ltr'>lapsus</span> <span class='ocrx_word' id='word_1_150' title='bbox 353 1640 419 1675; x_wconf 88' lang='lat' dir='ltr'>potest</span> <span class='ocrx_word' id='word_1_151' title='bbox 433 1637 508 1670; x_wconf 91' lang='lat' dir='ltr'>viribus</span> <span class='ocrx_word' id='word_1_152' title='bbox 524 1647 575 1669; x_wconf 89' lang='lat' dir='ltr'>mere</span> <span class='ocrx_word' id='word_1_153' title='bbox 590 1637 722 1675; x_wconf 86' lang='lat' dir='ltr'>naturalibus,</span> <span class='ocrx_word' id='word_1_154' title='bbox 738 1637 780 1669; x_wconf 87' lang='lat' dir='ltr'>sine</span> <span class='ocrx_word' id='word_1_155' title='bbox 795 1648 829 1670; x_wconf 87' lang='lat' dir='ltr'>au-</span> 
     </span>
     <span class='ocr_line' id='line_1_22' title="bbox 110 1697 888 1737; baseline 0 -7"><span class='ocrx_word' id='word_1_156' title='bbox 110 1698 160 1731; x_wconf 87' lang='lat' dir='ltr'>xilio</span> <span class='ocrx_word' id='word_1_157' title='bbox 176 1698 256 1737; x_wconf 79' lang='lat' dir='ltr'>gratiae,</span> <span class='ocrx_word' id='word_1_158' title='bbox 275 1700 330 1731; x_wconf 82' lang='lat' dir='ltr'>actus</span> <span class='ocrx_word' id='word_1_159' title='bbox 348 1698 467 1730; x_wconf 82' lang='lat' dir='ltr'>naturaliter</span> <span class='ocrx_word' id='word_1_160' title='bbox 483 1697 575 1731; x_wconf 89' lang='lat' dir='ltr'>honestos</span> <span class='ocrx_word' id='word_1_161' title='bbox 594 1707 664 1736; x_wconf 89' lang='lat' dir='ltr'>ponere</span> <span class='ocrx_word' id='word_1_162' title='bbox 700 1723 703 1729; x_wconf 91' lang='lat'>.</span> <span class='ocrx_word' id='word_1_163' title='bbox 742 1723 745 1728; x_wconf 94' lang='lat'><em>.</em></span> <span class='ocrx_word' id='word_1_164' title='bbox 783 1723 787 1729; x_wconf 84' lang='lat'><strong>.</strong></span> <span class='ocrx_word' id='word_1_165' title='bbox 825 1724 828 1729; x_wconf 92' lang='lat'><em>.</em></span> <span class='ocrx_word' id='word_1_166' title='bbox 854 1698 888 1731; x_wconf 83' lang='lat'>203</span> 
     </span>
     <span class='ocr_line' id='line_1_23' title="bbox 63 1758 888 1798; baseline -0.001 -7"><span class='ocrx_word' id='word_1_167' title='bbox 63 1759 90 1791; x_wconf 83' lang='lat' dir='ltr'>De</span> <span class='ocrx_word' id='word_1_168' title='bbox 108 1759 206 1791; x_wconf 87' lang='lat' dir='ltr'>sententia</span> <span class='ocrx_word' id='word_1_169' title='bbox 223 1759 242 1791; x_wconf 93' lang='lat' dir='ltr'>P.</span> <span class='ocrx_word' id='word_1_170' title='bbox 258 1758 347 1798; x_wconf 73' lang='lat' dir='ltr'>Vazquez</span> <span class='ocrx_word' id='word_1_171' title='bbox 408 1783 829 1790; x_wconf 85' lang='grc'>...........</span> <span class='ocrx_word' id='word_1_172' title='bbox 855 1758 888 1791; x_wconf 78' lang='grc'>219</span> 
     </span>
     <span class='ocr_line' id='line_1_24' title="bbox 64 1819 889 1868; baseline -0.002 -16"><span class='ocrx_word' id='word_1_173' title='bbox 64 1820 90 1852; x_wconf 85' lang='lat' dir='ltr'>De</span> <span class='ocrx_word' id='word_1_174' title='bbox 107 1820 206 1852; x_wconf 88' lang='lat' dir='ltr'>sententia</span> <span class='ocrx_word' id='word_1_175' title='bbox 223 1820 243 1852; x_wconf 92' lang='lat' dir='ltr'>P.</span> <span class='ocrx_word' id='word_1_176' title='bbox 260 1819 345 1859; x_wconf 86' lang='lat' dir='ltr'>Ripalda</span> <span class='ocrx_word' id='word_1_177' title='bbox 409 1844 788 1852; x_wconf 78' lang='lat'><em>..........</em></span> <span class='ocrx_word' id='word_1_178' title='bbox 817 1844 829 1868; x_wconf 11' lang='grc' dir='ltr'>Ἴ,</span> <span class='ocrx_word' id='word_1_179' title='bbox 852 1819 889 1859; x_wconf 78' lang='grc'>211</span> 
     </span>
     <span class='ocr_line' id='line_1_25' title="bbox 65 1867 829 1918; baseline 0 -6"><span class='ocrx_word' id='word_1_180' title='bbox 65 1880 132 1913; x_wconf 80' lang='lat' dir='ltr'>Thesis</span> <span class='ocrx_word' id='word_1_181' title='bbox 146 1881 178 1913; x_wconf 82' lang='lat'>11:</span> <span class='ocrx_word' id='word_1_182' title='bbox 193 1867 285 1913; x_wconf 86' lang='lat' dir='ltr'>Peccator</span> <span class='ocrx_word' id='word_1_183' title='bbox 302 1880 382 1913; x_wconf 91' lang='lat' dir='ltr'>adultus</span> <span class='ocrx_word' id='word_1_184' title='bbox 399 1881 441 1912; x_wconf 85' lang='lat' dir='ltr'>sine</span> <span class='ocrx_word' id='word_1_185' title='bbox 458 1880 521 1917; x_wconf 83' lang='lat' dir='ltr'>gratia</span> <span class='ocrx_word' id='word_1_186' title='bbox 538 1890 576 1912; x_wconf 90' lang='lat' dir='ltr'>non</span> <span class='ocrx_word' id='word_1_187' title='bbox 594 1883 658 1918; x_wconf 87' lang='lat' dir='ltr'>potest</span> <span class='ocrx_word' id='word_1_188' title='bbox 675 1880 708 1912; x_wconf 89' lang='lat' dir='ltr'>diu</span> <span class='ocrx_word' id='word_1_189' title='bbox 726 1879 829 1913; x_wconf 87' lang='lat' dir='ltr'>observare</span> 
     </span>
     <span class='ocr_line' id='line_1_26' title="bbox 111 1921 829 1980; baseline -0.001 -6"><span class='ocrx_word' id='word_1_190' title='bbox 111 1944 174 1974; x_wconf 89' lang='lat' dir='ltr'>totam</span> <span class='ocrx_word' id='word_1_191' title='bbox 189 1921 250 1980; x_wconf 76' lang='lat' dir='ltr'>lege&#39;in</span> <span class='ocrx_word' id='word_1_192' title='bbox 264 1942 376 1974; x_wconf 84' lang='lat' dir='ltr'>naturalem</span> <span class='ocrx_word' id='word_1_193' title='bbox 392 1941 457 1979; x_wconf 79' lang='lat' dir='ltr'>quoad</span> <span class='ocrx_word' id='word_1_194' title='bbox 472 1940 614 1979; x_wconf 62' lang='lat' dir='ltr'>substantiam</span> <span class='ocrx_word' id='word_1_195' title='bbox 629 1941 679 1973; x_wconf 87' lang='lat' dir='ltr'>tales</span> <span class='ocrx_word' id='word_1_196' title='bbox 695 1942 747 1973; x_wconf 86' lang='grc'><strong>1111111</strong></span> <span class='ocrx_word' id='word_1_197' title='bbox 763 1951 829 1973; x_wconf 85' lang='lat' dir='ltr'>occur-</span> 
     </span>
     <span class='ocr_line' id='line_1_27' title="bbox 111 2001 886 2041; baseline -0.003 -7"><span class='ocrx_word' id='word_1_198' title='bbox 111 2005 158 2036; x_wconf 88' lang='lat' dir='ltr'>runt</span> <span class='ocrx_word' id='word_1_199' title='bbox 169 2003 295 2040; x_wconf 81' lang='lat' dir='ltr'>tentationes,</span> <span class='ocrx_word' id='word_1_200' title='bbox 308 2012 358 2041; x_wconf 85' lang='lat' dir='ltr'>quas</span> <span class='ocrx_word' id='word_1_201' title='bbox 371 2001 453 2033; x_wconf 86' lang='lat' dir='ltr'>honeste</span> <span class='ocrx_word' id='word_1_202' title='bbox 467 2002 552 2040; x_wconf 86' lang='lat' dir='ltr'>propriis</span> <span class='ocrx_word' id='word_1_203' title='bbox 565 2001 641 2034; x_wconf 92' lang='lat' dir='ltr'>viribus</span> <span class='ocrx_word' id='word_1_204' title='bbox 655 2011 747 2039; x_wconf 87' lang='lat' dir='ltr'>superare</span> <span class='ocrx_word' id='word_1_205' title='bbox 760 2003 829 2040; x_wconf 84' lang='lat' dir='ltr'>nequit</span> <span class='ocrx_word' id='word_1_206' title='bbox 855 2002 886 2033; x_wconf 88' lang='grc'>211</span> 
     </span>
     <span class='ocr_line' id='line_1_28' title="bbox 66 2061 830 2106; baseline -0.001 -11"><span class='ocrx_word' id='word_1_207' title='bbox 66 2064 136 2096; x_wconf 84' lang='lat' dir='ltr'>Utrum</span> <span class='ocrx_word' id='word_1_208' title='bbox 148 2063 207 2096; x_wconf 89' lang='lat' dir='ltr'>homo</span> <span class='ocrx_word' id='word_1_209' title='bbox 222 2063 289 2102; x_wconf 89' lang='lat' dir='ltr'>lapsus</span> <span class='ocrx_word' id='word_1_210' title='bbox 303 2063 351 2095; x_wconf 90' lang='lat' dir='ltr'>solis</span> <span class='ocrx_word' id='word_1_211' title='bbox 366 2062 441 2094; x_wconf 84' lang='lat' dir='ltr'>viribus</span> <span class='ocrx_word' id='word_1_212' title='bbox 456 2061 581 2106; x_wconf 77' lang='lat' dir='ltr'>naturalibus</span> <span class='ocrx_word' id='word_1_213' title='bbox 596 2062 659 2100; x_wconf 84' lang='lat' dir='ltr'>possit</span> <span class='ocrx_word' id='word_1_214' title='bbox 674 2062 830 2100; x_wconf 80' lang='lat' dir='ltr'>diligere-Deum</span> 
     </span>
     <span class='ocr_line' id='line_1_29' title="bbox 111 2123 886 2163; baseline -0.001 -7"><span class='ocrx_word' id='word_1_215' title='bbox 111 2134 169 2163; x_wconf 87' lang='lat' dir='ltr'>super</span> <span class='ocrx_word' id='word_1_216' title='bbox 188 2124 255 2157; x_wconf 91' lang='lat' dir='ltr'>omnia</span> <span class='ocrx_word' id='word_1_217' title='bbox 324 2147 829 2155; x_wconf 53' lang='grc'>.............</span> <span class='ocrx_word' id='word_1_218' title='bbox 855 2123 886 2155; x_wconf 88' lang='grc'>231</span> 
     </span>
    </p>
   </div>
   <div class='ocr_carea' id='block_1_7' title="bbox 367 2290 533 2323">
    <p class='ocr_par' dir='ltr' id='par_1_12' title="bbox 367 2290 533 2323">
     <span class='ocr_line' id='line_1_30' title="bbox 367 2290 533 2323; baseline 0 -1"><span class='ocrx_word' id='word_1_219' title='bbox 367 2290 428 2323; x_wconf 86' lang='lat' dir='ltr'><strong>PARS</strong></span> <span class='ocrx_word' id='word_1_220' title='bbox 444 2290 533 2322; x_wconf 77' lang='lat' dir='ltr'>TERTIA</span> 
     </span>
    </p>
   </div>
   <div class='ocr_carea' id='block_1_8' title="bbox 211 2374 889 2414">
    <p class='ocr_par' dir='ltr' id='par_1_13' title="bbox 211 2374 889 2414">
     <span class='ocr_line' id='line_1_31' title="bbox 211 2374 889 2414; baseline -0.001 -2"><span class='ocrx_word' id='word_1_221' title='bbox 211 2378 243 2413; x_wconf 85' lang='lat' dir='ltr'>De</span> <span class='ocrx_word' id='word_1_222' title='bbox 257 2377 351 2414; x_wconf 81' lang='lat' dir='ltr'>homine</span> <span class='ocrx_word' id='word_1_223' title='bbox 365 2376 446 2413; x_wconf 88' lang='lat' dir='ltr'>adulto</span> <span class='ocrx_word' id='word_1_224' title='bbox 460 2375 483 2411; x_wconf 85' lang='lat' dir='ltr'>in</span> <span class='ocrx_word' id='word_1_225' title='bbox 498 2378 559 2412; x_wconf 86' lang='lat' dir='ltr'>statu</span> <span class='ocrx_word' id='word_1_226' title='bbox 573 2374 752 2413; x_wconf 77' lang='lat' dir='ltr'>iustificationis</span> <span class='ocrx_word' id='word_1_227' title='bbox 785 2400 788 2406; x_wconf 86' lang='lat'><em>-</em></span> <span class='ocrx_word' id='word_1_228' title='bbox 826 2400 830 2407; x_wconf 81' lang='grc'><strong>.</strong></span> <span class='ocrx_word' id='word_1_229' title='bbox 856 2376 889 2408; x_wconf 79' lang='grc'>233</span> 
     </span>
    </p>
   </div>
   <div class='ocr_carea' id='block_1_9' title="bbox 186 2511 890 2555">
    <p class='ocr_par' dir='ltr' id='par_1_14' title="bbox 186 2511 890 2555">
     <span class='ocr_line' id='line_1_32' title="bbox 186 2511 890 2555; baseline -0.006 -9"><span class='ocrx_word' id='word_1_230' title='bbox 186 2515 253 2547; x_wconf 74' lang='lat' dir='ltr'>suerro</span> <span class='ocrx_word' id='word_1_231' title='bbox 271 2514 283 2545; x_wconf 94' lang='lat' dir='ltr'>l.</span> <span class='ocrx_word' id='word_1_232' title='bbox 300 2533 323 2536; x_wconf 77' lang='lat'>--</span> <span class='ocrx_word' id='word_1_233' title='bbox 339 2514 367 2545; x_wconf 72' lang='lat' dir='ltr'>De</span> <span class='ocrx_word' id='word_1_234' title='bbox 382 2512 467 2545; x_wconf 79' lang='lat' dir='ltr'>seeundo</span> <span class='ocrx_word' id='word_1_235' title='bbox 485 2512 628 2551; x_wconf 64' lang='lat' dir='ltr'>iustificatione</span> <span class='ocrx_word' id='word_1_236' title='bbox 661 2537 664 2543; x_wconf 89' lang='lat'><em>.</em></span> <span class='ocrx_word' id='word_1_237' title='bbox 703 2537 706 2543; x_wconf 93' lang='lat'>.</span> <span class='ocrx_word' id='word_1_238' title='bbox 744 2536 748 2542; x_wconf 87' lang='lat'><em>.</em></span> <span class='ocrx_word' id='word_1_239' title='bbox 766 2550 769 2555; x_wconf 40' lang='grc'><em>,</em></span> <span class='ocrx_word' id='word_1_240' title='bbox 786 2537 789 2543; x_wconf 74' lang='grc'>,</span> <span class='ocrx_word' id='word_1_241' title='bbox 828 2536 831 2542; x_wconf 95' lang='grc'><em>.</em></span> <span class='ocrx_word' id='word_1_242' title='bbox 858 2511 890 2543; x_wconf 83' lang='grc'>233</span> 
     </span>
    </p>
   </div>
   <div class='ocr_carea' id='block_1_10' title="bbox 69 2598 892 2755">
    <p class='ocr_par' dir='ltr' id='par_1_15' title="bbox 69 2598 892 2755">
     <span class='ocr_line' id='line_1_33' title="bbox 69 2598 833 2638; baseline -0.004 -6"><span class='ocrx_word' id='word_1_243' title='bbox 69 2600 182 2632; x_wconf 37' lang='lat' dir='ltr'>tnesis-12⁴:</span> <span class='ocrx_word' id='word_1_244' title='bbox 198 2601 260 2632; x_wconf 89' lang='lat' dir='ltr'>Homo</span> <span class='ocrx_word' id='word_1_245' title='bbox 280 2600 345 2632; x_wconf 87' lang='lat' dir='ltr'>iustus</span> <span class='ocrx_word' id='word_1_246' title='bbox 365 2602 430 2638; x_wconf 83' lang='lat' dir='ltr'>potest</span> <span class='ocrx_word' id='word_1_247' title='bbox 450 2601 469 2629; x_wconf 87' lang='lat' dir='ltr'>et</span> <span class='ocrx_word' id='word_1_248' title='bbox 490 2598 546 2630; x_wconf 86' lang='lat' dir='ltr'>dehet</span> <span class='ocrx_word' id='word_1_249' title='bbox 566 2608 610 2630; x_wconf 87' lang='lat' dir='ltr'>eum</span> <span class='ocrx_word' id='word_1_250' title='bbox 630 2598 697 2630; x_wconf 87' lang='lat' dir='ltr'>divina</span> <span class='ocrx_word' id='word_1_251' title='bbox 716 2598 778 2636; x_wconf 78' lang='lat' dir='ltr'>gratia</span> <span class='ocrx_word' id='word_1_252' title='bbox 800 2607 833 2635; x_wconf 86' lang='lat' dir='ltr'>per</span> 
     </span>
     <span class='ocr_line' id='line_1_34' title="bbox 115 2658 832 2697; baseline -0.006 -4"><span class='ocrx_word' id='word_1_253' title='bbox 115 2661 272 2694; x_wconf 86' lang='lat' dir='ltr'>observationem</span> <span class='ocrx_word' id='word_1_254' title='bbox 290 2660 430 2692; x_wconf 81' lang='lat' dir='ltr'>mandatorum</span> <span class='ocrx_word' id='word_1_255' title='bbox 447 2659 467 2690; x_wconf 89' lang='lat' dir='ltr'>in</span> <span class='ocrx_word' id='word_1_256' title='bbox 486 2660 564 2697; x_wconf 81' lang='lat' dir='ltr'>accepta</span> <span class='ocrx_word' id='word_1_257' title='bbox 580 2658 658 2691; x_wconf 88' lang='lat' dir='ltr'>iustitia</span> <span class='ocrx_word' id='word_1_258' title='bbox 676 2667 798 2696; x_wconf 84' lang='lat' dir='ltr'>perseverare</span> <span class='ocrx_word' id='word_1_259' title='bbox 814 2660 832 2689; x_wconf 86' lang='lat' dir='ltr'>et</span> 
     </span>
     <span class='ocr_line' id='line_1_35' title="bbox 114 2718 892 2755; baseline -0.005 -1"><span class='ocrx_word' id='word_1_260' title='bbox 114 2718 892 2755; x_wconf 70' lang='grc'><strong>11151111..,.......,....231</strong></span> 
     </span>
    </p>
   </div>
   <div class='ocr_carea' id='block_1_11' title="bbox 0 0 992 3093">
    <p class='ocr_par' dir='ltr' id='par_1_16' title="bbox 0 0 992 3093">
     <span class='ocr_line' id='line_1_36' title="bbox 0 0 992 3093; baseline 0 0"><span class='ocrx_word' id='word_1_261' title='bbox 0 0 992 3093; x_wconf 95' lang='lat' dir='ltr'> </span> 
     </span>
    </p>
   </div>
  </div>
 </body>
</html>
