1952 3093
424 7 545 58 *221-

72 131 156 171 scilicet
167 131 193 168 dc
206 129 358 168 observatione
371 129 469 167 omnium
481 132 648 173 praeceptorum
660 128 714 173 legis
727 130 817 173 naturae
830 128 900 166 solum

72 203 144 250 quoad
156 203 246 242 vitanda
259 205 348 246 peccata
362 202 406 247 illis
420 201 536 240 contraria.
548 201 690 239 Definitiones
705 202 776 239 autem
789 200 901 245 generales

73 287 138 320 supra
154 275 262 313 adductae
278 274 360 312 habent
377 275 490 312 evasiones
507 285 573 318 supra
590 274 654 312 etiam
672 274 761 319 positas,
778 284 833 319 quae
849 273 901 310 licet

71 348 202 387 sufficienter
215 347 348 390 refellantur,
361 357 405 385 nou
419 350 491 384 tamen
505 346 536 384 ita
549 346 668 390 evidenter,
681 350 705 384 ut
719 349 802 384 certum
817 345 844 384 de
855 345 899 390 fide

71 421 105 463 sit,
120 420 163 457 hoc
178 419 310 463 particulare
326 419 403 462 dogma
419 419 458 456 sub
475 419 513 455 illa
528 419 624 462 generali
641 418 767 468 definitione
782 418 898 465 contineri.

71 492 165 535 Ideoque
177 491 228 528 satls
241 494 273 528 est
285 491 364 534 dicere,
378 491 500 528 doctrinam
512 490 569 527 hanc
582 501 628 528 esse
641 491 804 528 conclusionem
817 490 899 528 theolo-

70 565 140 609 gicam
155 564 210 601 adeo
221 565 310 607 certam,
324 567 347 600 ut
361 563 471 600 contraria
485 572 528 600 uon
542 563 613 600 solum
625 563 669 599 iam
681 563 797 616 temeraria
811 563 845 606 sit,
860 563 898 601 sed

71 635 136 674 etiam
155 635 225 673 errori
242 634 361 678 proxima»
370 638 404 672 2³1.
421 635 482 672 Idem
500 634 566 677 hodie
586 634 630 672 dici
649 619 730 678 potest:
750 645 794 672 non
814 637 899 678 constat

72 711 130 745 certo
147 708 172 745 de
189 707 324 752 definitioue3
340 707 414 750 thesis,
430 707 575 744 abstrahendo
592 706 618 744 ab
633 707 736 744 ulteriore
753 707 898 750 explicatione

72 782 128 818 inter
139 780 249 824 theologos
259 782 405 823 controversa,
417 780 492 817 saltem
501 782 524 816 ut
536 778 656 823 theologice
667 782 725 817 certa
737 779 850 817 statuenda
859 781 899 816 est.

393 997 444 1033 Duc.
456 995 576 1033 Econnsrau

125 1129 244 1165 tumemus
261 1129 323 1172 plura
338 1128 381 1165 huc
396 1128 517 1171 spectantia
532 1129 575 1165 iam
592 1128 688 1171 collegit:
708 1140 718 1163 «
728 1127 778 1171 Cap.
795 1128 813 1165 3.
828 1127 899 1165 Nemi-

72 1211 121 1237 nem
135 1200 199 1237 etiam
212 1200 349 1243 baptismatis
361 1200 430 1243 gratia
444 1203 570 1237 renovatum
583 1200 686 1237 idoneum
698 1210 745 1237 esse
757 1200 784 1236 ad
797 1210 899 1242 superan-

73 1273 110 1310 das
128 1272 209 1310 diaboli
225 1272 317 1309 insidias
333 1275 355 1309 et
371 1272 399 1310 ad
415 1272 535 1309 vincendas
551 1272 623 1309 carnis
641 1271 837 1315 concupiscentias,
855 1271 898 1308 nisi

72 1355 111 1388 per
125 1344 277 1389 quotidianum
294 1344 426 1381 adiutorium
441 1345 481 1381 Dei
498 1345 682 1388 perseverantiam
698 1327 899 1381 honae'conversa-

71 1417 138 1471 tionis
153 1417 268 1459 acceperit.
284 1416 345 1459 Quod
361 1416 458 1453 eiusdem
473 1416 576 1454 antistitis
593 1416 730 1458 (truocmun
744 1417 762 1458 l)
776 1416 800 1470 in
816 1416 898 1475 eisdem

72 1488 193 1532 paginisw
208 1489 307 1526 doctrina
323 1488 437 1525 confirmat
453 1488 539 1526 dicens:
556 1488 612 1525 Nam
625 1488 724 1533 quamvis
739 1489 851 1525 hominem
867 1499 899 1525 re-

74 1561 176 1597 demisset
186 1571 200 1597 a
211 1560 335 1604 praeteritis
347 1560 384 1598 ille
396 1561 499 1604 peccatis,
512 1563 584 1598 tamen
598 1560 669 1598 sciens
682 1561 760 1597 iterum
773 1571 837 1603 posse
849 1571 899 1604 pec-

73 1642 128 1675 care,
140 1633 168 1670 ad
179 1632 339 1675 reparationem
351 1632 400 1676 sibi,
410 1632 593 1677 quemadmodum
605 1635 678 1676 posset
690 1633 752 1669 illum
764 1636 784 1669 et
795 1636 845 1676 post
856 1633 898 1670 ista

73 1705 187 1748 corrigere,
201 1705 267 1741 multa
279 1704 379 1748 servavit,
393 1704 521 1748 quotidiana
534 1707 646 1748 praestans
660 1704 693 1741 illi
704 1704 807 1749 remedia,
819 1705 899 1748 quihus

73 1775 116 1813 uisi
132 1776 183 1813 freti
200 1775 318 1821 confisique
335 1776 436 1819 nitamur,
454 1777 575 1814 nullatenus
592 1777 698 1813 humanos
715 1776 803 1813 vincere
819 1776 899 1819 poteri-

73 1858 120 1885 mus
134 1858 225 1886 errores.
238 1848 330 1886 Necesse
344 1852 376 1885 est
390 1848 453 1891 enim,
468 1852 491 1885 ut
505 1860 548 1892 quo
561 1848 679 1885 auxiliante
692 1848 807 1891 vincimus,
819 1860 846 1886 eo
861 1849 899 1885 ite-

73 1930 120 1956 rum
132 1931 176 1956 non
186 1919 304 1957 adiuvante
317 1920 491 1957 vincamur»²³³.
520 1926 522 1929 ’

127 1991 198 2035 «Cap.
212 1993 231 2028 7.
245 1992 302 2029 Illud
317 1992 387 2036 etiam,
401 1992 459 2035 quod
474 1994 532 2029 intra
546 1992 716 2030 Cauraorunusrs
733 1993 812 2036 synodi
820 1996 848 2017 2³4
864 1993 899 2029 de-

74 2067 132 2101 creta
146 2063 286 2101 constitutum
302 2067 339 2107 est,
353 2065 415 2108 quasi
430 2065 544 2108 proprium
559 2064 696 2108 Apostolicae
711 2064 773 2101 Sedis
787 2064 899 2107 amplecti-

73 2146 126 2180 mur,
141 2136 201 2180 quod-
213 2136 297 2173 scilicet
312 2136 375 2174 tertio
390 2137 485 2180 capitulo
501 2136 612 2173 definitum
628 2139 670 2174 est:
688 2136 715 2174 Ut
728 2136 853 2181 quicunque
868 2136 899 2173 di-

72 2201 135 2252 xerit,
149 2208 240 2251 gratiam
253 2208 299 2252 Dei,
312 2219 354 2253 qua
367 2209 510 2245 iustificamur
522 2220 561 2253 per
574 2208 644 2245 Iesum
658 2208 768 2246 Christum
781 2209 899 2246 Dominum

73 2283 176 2325 nostrum,
190 2280 217 2318 ad
230 2281 298 2318 solam
311 2281 462 2318 remissionem
475 2284 614 2325 peccatorum
627 2281 705 2324 valere,
718 2292 773 2325 quae
786 2282 829 2318 iam
842 2292 898 2318 com-

73 2351 139 2389 missa
153 2355 209 2395 sunt,
224 2363 268 2389 non
283 2352 389 2390 etiamad
405 2353 543 2397 adiutorium,
557 2355 580 2389 ut
595 2363 638 2389 uon
655 2353 824 2396 committantur,
839 2354 862 2390 Α.
878 2353 897 2390 S.

120 2498 146 2519 2³1
159 2494 187 2526 De
199 2493 263 2531 gratia
274 2494 287 2525 l.
297 2493 314 2532 1,
325 2503 366 2532 cap.
378 2493 407 2532 26,
419 2502 448 2525 nr.
461 2492 489 2525 12.

121 2559 147 2580 262
160 2555 221 2594 Epist.
233 2554 256 2586 29
268 2554 308 2586 «In
319 2553 466 2593 requirendis»,
477 2562 505 2585 nr.
516 2552 535 2589 ὃς
548 2551 581 2584 ML
593 2551 620 2591 20,
632 2552 676 2589 58&
689 2551 733 2584 vide
745 2560 805 2589 supra
816 2558 859 2589 pag.
870 2549 898 2582 10.

120 2619 147 2641 2³3
159 2615 212 2648 Denz
224 2615 264 2647 132.

120 2679 149 2701 ²³4
162 2677 217 2708 Anno
236 2675 280 2714 4183
300 2684 360 2714 supra
377 2682 420 2714 pag.
439 2675 467 2706 10.
