1952 3093
477 310 496 347 S.
513 310 633 347 Semeruna

194 444 273 480 Textus
293 443 427 487 principales
448 455 521 481 sacrae
542 443 672 487 3011010100,
692 443 729 487 qui
750 443 900 479 necessitatem
921 453 966 486 gra-

140 517 183 553 tiae
195 516 222 553 ad
233 527 319 553 omnem
330 519 401 553 aetum
413 516 527 553 salutarem
539 517 622 559 docent,
632 516 660 552 ab
671 515 735 552 initio
747 515 907 552 coutroversiae
917 526 965 553 euni

140 588 261 632 pelagianis
276 591 296 627 et
310 588 485 632 semipelagianis
500 588 631 625 adhibentur
647 591 691 624 tum
707 588 730 624 in
748 587 883 624 documentis
900 587 966 624 eccle-

143 660 186 697 siae
201 663 245 697 tum
260 661 317 704 apud
332 664 419 698 sanctos
433 661 513 698 Patres.

223 733 242 775 11
271 733 309 769 De
338 733 418 769 omni
448 736 516 769 actu
546 733 682 769 salutari
712 732 735 768 in
752 742 840 775 genere:
857 732 879 768 Io
895 732 927 776 15,
942 733 964 769 5:

143 817 153 840 «
162 804 207 849 Ego
221 816 268 841 sum
282 805 340 849 vitis,
354 816 392 842 vos
407 805 518 848 palmites:
535 805 573 849 qui
587 808 659 842 manet
673 805 696 841 in
712 816 745 841 me
760 808 780 842 et
795 813 833 847 ego
847 805 870 840 in
885 815 916 848 eo,
930 803 966 841 hie

142 878 184 914 lert
198 877 292 914 fructum
306 877 408 915 multum:
425 877 476 922 quia
490 877 537 915 sine
551 888 584 914 me
599 876 655 914 nihil
669 877 759 921 potestis
774 876 846 914 iacere
855 889 872 914 ».
887 877 966 914 Textus

142 952 174 986 est
186 949 327 987 universalis:
346 950 392 986 sine
405 961 439 987 me
453 949 518 994 nihil;
533 949 576 993 agit
592 949 617 986 de
630 950 699 992 gratia
713 949 810 986 interna:
829 960 854 986 ex
868 948 917 992 ipsa
931 960 967 992 pa-

142 1021 223 1058 rabola.
242 1021 322 1059 Textus
342 1021 466 1059 immediate
486 1022 582 1066 loquitur
603 1021 628 1058 de
650 1033 660 1057 «
669 1022 741 1058 fructu
761 1021 818 1058 ferre
827 1034 845 1065 »,
865 1021 890 1057 id
909 1022 967 1065 quod

142 1093 241 1137 proxime
255 1093 384 1137 intelligitur
399 1094 425 1131 de
440 1093 523 1130 actibus
538 1093 663 1131 meritoriis.
677 1093 764 1130 Directe
779 1093 837 1129 enim
851 1104 921 1130 sermo
937 1099 967 1129 est

144 1165 169 1202 de
182 1165 282 1209 illisqui
296 1169 345 1202 sunt
358 1176 406 1202 eum
418 1165 511 1202 Domino
524 1165 642 1209 coniuncti,
656 1176 700 1203 non
714 1165 739 1202 de
753 1165 911 1208 peecatoribus.
926 1164 968 1202 Sed

143 1249 162 1274 v.
177 1238 188 1275 5
204 1240 235 1274 est
250 1238 338 1274 omnino
352 1237 482 1274 universalis
498 1240 517 1274 et
531 1238 613 1280 palmes
628 1238 697 1275 avite
713 1240 824 1281 separatus
839 1247 883 1274 non
899 1237 967 1274 solum

143 1320 187 1346 non
200 1312 271 1352 potest
285 1309 368 1346 fruetus
381 1309 445 1352 terre,
460 1310 498 1346 sed
511 1309 600 1347 omnino
613 1309 669 1345 nihil
684 1319 752 1353 agere,
765 1309 859 1346 maxime
871 1309 927 1345 nihil
940 1310 968 1345 ad

142 1381 191 1425 hoe,
205 1384 228 1419 ut
240 1382 319 1418 iterum
333 1381 429 1419 vitaliter
441 1382 530 1418 uniatur
544 1393 593 1418 eum
607 1381 657 1419 vite.
670 1381 703 1418 Ita
716 1381 782 1419 homo
796 1392 809 1419 a
823 1380 909 1420 Christo
924 1382 968 1425 pal-

142 1454 194 1489 mite
206 1455 323 1496 separatus,
333 1456 441 1497 peccator,
451 1456 484 1490 est
494 1453 637 1497 spiritualiter
648 1456 755 1491 mortuus:
768 1452 816 1496 Eph
827 1453 846 1497 2,
857 1454 879 1490 1:
894 1466 904 1489 «
913 1464 968 1490 mor-

143 1526 174 1562 tui
189 1525 273 1562 delictis
287 1528 307 1562 et
319 1526 416 1569 peccatis
429 1526 507 1562 vestris
516 1537 537 1570 »;
550 1536 570 1563 v.
583 1526 606 1563 3:
622 1526 680 1562 «filii
694 1526 768 1571 irae»;
781 1536 801 1563 v.
815 1527 837 1562 5:
855 1538 866 1561 «
875 1536 924 1562 eum
937 1536 967 1562 es-

143 1608 214 1633 semus
230 1598 309 1634 mortui
324 1597 427 1642 peccatis
444 1597 604 1635 convivificavit
620 1608 659 1634 nos
674 1598 697 1634 in
715 1597 807 1641 Christo,
823 1597 884 1635 cuius
899 1597 968 1640 gratia

144 1669 194 1706 estis
207 1669 303 1706 salvati...
312 1681 330 1706 ›>.
344 1669 390 1706 Hoe
404 1679 469 1707 sensu
482 1669 601 1706 universali
614 1669 637 1706 Io
652 1670 684 1714 15,
698 1670 709 1706 5
723 1680 734 1706 a
748 1669 848 1707 Patribus
862 1672 883 1706 et
896 1669 968 1706 conei-

142 1741 178 1777 liis
191 1741 214 1777 in
229 1741 378 1778 controversia
390 1741 504 1784 pelagiana
517 1744 538 1780 et
552 1741 719 1785 semipelagiana
732 1741 881 1779 adhibebatur.
894 1741 914 1779 S.
928 1740 968 1778 Au-

143 1813 251 1856 gustinus:
269 1812 319 1850 «Ne
335 1813 449 1857 quisquam
465 1816 551 1857 putaret
566 1814 640 1851 saltem
656 1824 748 1856 parvum
764 1813 857 1857 aliquem
874 1813 968 1850 fructum

143 1895 207 1928 posse
222 1896 233 1922 a
247 1885 363 1928 semetipso
377 1885 489 1928 palmitem
505 1885 568 1929 ferre,
584 1896 632 1922 eum
648 1885 749 1923 dixisset:
766 1885 803 1922 hie
818 1885 860 1922 tert
874 1876 967 1922 fructum

144 1958 240 2000 multum,
257 1967 300 1995 non
315 1957 355 1995 ait:
372 1956 424 2001 quia
439 1957 485 1994 sine
502 1968 535 1994 me
551 1968 628 2001 parum
644 1958 734 2001 potestis
751 1957 829 2000 facere,
845 1957 893 1994 sed:
912 1957 968 1993 nihil

143 2029 233 2072 potestis
249 2029 327 2066 faeere.
342 2029 392 2066 Sive
407 2038 458 2073 ergo
473 2038 556 2073 parum,
572 2030 616 2066 sive
631 2030 728 2073 multum,
745 2030 791 2067 sine
807 2030 845 2067 illo
860 2030 907 2066 fieri
924 2040 967 2066 non

143 2103 220 2145 potest,
235 2101 281 2139 sine
295 2112 340 2146 quo·
350 2101 406 2138 nihil
418 2101 465 2138 fieri
479 2104 550 2145 potest
558 2114 569 2137 »
577 2105 602 2139 ⁹³.
881 2100 883 2102 ’

224 2173 246 2215 21
275 2172 434 2216 Cogitatio
465 2174 636 2210 salutaris:
669 2174 681 2210 2
696 2173 738 2211 Cor
753 2174 771 2217 3,
787 2174 810 2211 5:
829 2174 895 2211 «Non
910 2173 968 2218 quod

144 2245 274 2282 sufficientes
288 2246 354 2282 simus
368 2245 463 2289 cogitare
476 2245 559 2289 aliquid
573 2258 584 2282 a
598 2246 662 2283 nohis
675 2246 737 2290 quasi
750 2258 775 2282 ex
789 2246 859 2290 nohis,
874 2245 912 2283 sed
924 2246 968 2283 sul-

143 2317 238 2354 ficientia
256 2317 380 2358 (idoneitas)
398 2321 471 2354 nostra
489 2329 515 2354 ex
530 2318 575 2354 Deo
592 2321 650 2354 est».
666 2318 781 2361 Apostolus
797 2318 932 2361 arrogantiae
949 2320 968 2354 et

144 2389 257 2432 superbiae
270 2392 381 2426 aecusatus
394 2389 489 2427 ostendit
500 2389 582 2426 iontem
593 2389 685 2427 fiduciae
698 2401 748 2427 suae
759 2400 802 2426 non
815 2400 861 2426 esse
873 2390 968 2433 seipsum

144 2461 182 2497 sed
193 2461 268 2505 Deum,
281 2460 316 2497 cui
330 2461 403 2498 omnia
415 2461 502 2498 tribuit:
517 2473 557 2504 per
570 2461 679 2499 Christum
690 2462 832 2499 mediatorem
845 2462 904 2498 illam
915 2460 974 2498 fidu·

144 2532 200 2569 eiam
213 2533 277 2569 habet
291 2532 319 2569 ad
333 2533 407 2576 Deum,
421 2533 503 2570 fontem
517 2533 620 2570 fiduciae:
638 2545 649 2570 a
663 2533 727 2571 nohis
741 2543 785 2571 non
800 2544 873 2571 sumus
887 2533 968 2575 idonei,

144 2604 182 2641 sed
198 2615 223 2641 ex
239 2604 290 2641 Deo.
307 2604 444 2648 «Cogitate»
462 2615 505 2641 non
521 2605 586 2648 pauci
601 2608 690 2648 propter
706 2608 830 2642 contextum
845 2605 968 2649 intelligunt

192 2751 209 2772 9³
223 2747 245 2779 ln
259 2748 339 2779 Ioannis
351 2748 475 2785 evangelium
487 2750 584 2780 tractatus
597 2748 626 2787 81,
639 2748 659 2784 3;
673 2748 706 2780 ntL
718 2748 746 2787 35,
758 2748 817 2801 1841:
828 2749 844 2780 R
857 2748 909 2781 1835.
