1952 3093
403 48 524 85 -295*

50 170 156 209 orationis
166 170 271 207 instantia
283 172 303 207 et
314 169 442 214 frequentia,
454 180 518 213 posse
531 169 653 206 successive
665 167 812 205 infallibiliter
825 164 879 205 obtiss

52 254 103 280 nere
123 241 307 286 perseverantiam
327 253 395 286 usque
414 242 441 279 ad
460 245 558 279 mortem.
578 241 691 285 Probatur,
711 240 762 285 quia
781 250 879 283 perseve-

53 314 123 352 rantia
138 315 160 351 in
176 314 265 357 orando,
281 314 308 351 ad
322 314 379 351 hane
394 314 569 357 impetrationem
586 314 714 356 necessaria,
730 323 773 350 non
789 315 822 349 est
834 315 879 348 tan-

52 391 96 424 turn
109 386 194 424 duratio
207 387 279 431 aliqua
290 386 354 423 unius
366 387 401 423 vel
413 387 501 431 alterius
512 385 624 429 petitionis
636 396 676 429 pro
688 385 760 429 aliquo
771 388 878 427 tempore3

51 459 93 496 hoe
106 458 164 496 enim
177 468 217 495 nec
229 457 314 495 definiri
325 460 402 502 potest,
415 469 456 495 nec
470 469 518 495 cum
530 458 671 495 fundamento
684 457 793 495 affirmari.
805 456 879 500 Neque

53 534 108 568 esset
127 531 223 575 prudens
243 530 319 574 oratio,
338 541 380 574 qua
398 530 447 574 quis
466 533 549 574 peteret
568 530 610 566 sihi
629 530 676 567 dari
695 531 879 573 perseverantiam

53 613 93 646 pro
108 605 153 639 toto
167 605 264 646 tempore
280 602 364 640 futurae
379 603 443 646 vitae,
458 602 523 639 etiam
540 603 586 639 sine
602 613 658 639 nova
675 601 787 645 diligentia
803 611 880 644 procu-

53 674 117 711 randi
129 674 226 712 eamdem
240 674 431 718 perseverantiam.
444 674 518 718 Neque
531 677 562 711 est
575 685 613 711 cur
627 674 740 711 credamus
754 674 819 710 talem
831 683 880 716 pro-

53 745 180 783 missionem
198 757 244 783 esse
263 746 328 783 alicui
347 746 441 784 orationi
461 747 547 783 tactam.
566 746 634 790 Igitur
653 745 815 789 perseverantia
835 755 881 781 ora-

54 819 127 863 tionis,
139 819 162 855 in
173 819 211 865 tali
223 819 314 856 materia
326 819 437 863 requisita,
449 821 481 856 est
491 821 514 856 ut
526 829 570 856 non
583 819 648 856 semel
660 821 743 855 tantum
757 820 792 854 aut
803 817 881 854 iterum

53 891 95 933 fiat,
110 890 147 927 sed
159 893 183 927 ut
195 893 239 928 toto
253 893 350 934 tempore
364 890 421 928 vitae
434 891 502 934 duret,
517 894 537 927 et
550 890 679 934 praesertim
692 893 716 926 ut
729 890 751 925 in
766 899 880 927 occurren-

54 962 111 1000 tihus
124 962 276 999 occasionibus
288 962 390 999 servandi
404 962 505 999 mandata
518 966 553 1000 aut
566 962 670 999 vincendi
682 963 818 1006 tentationes,
832 972 880 998 cum

55 1033 127 1072 debita
140 1034 220 1072 fiducia
233 1037 349 1078 repetatur.
363 1034 398 1072 Sic
413 1035 470 1072 enim
483 1034 525 1078 fiet,
538 1037 567 1077 ut,
581 1034 721 1078 procedendo
735 1033 761 1071 ab
775 1043 818 1090 uno
833 1036 880 1070 actu

55 1106 82 1143 ad
96 1105 168 1149 alium,
179 1106 234 1143 bene
248 1106 366 1151 operando,
381 1109 401 1145 et
413 1107 567 1144 convenienter
580 1106 669 1149 orando,
683 1105 821 1142 infallibilter
834 1116 881 1149 per-

52 1172 199 1215 severantiam
217 1182 367 1222 consequatur.
386 1178 444 1215 Haeo
462 1181 532 1215 autem
552 1177 698 1215 infallibilitas
716 1188 760 1214 non
780 1180 882 1215 convenit

55 1250 107 1287 huic
125 1250 202 1287 merito
221 1250 247 1287 de
265 1259 360 1294 congruo
379 1251 462 1287 ratione
481 1251 514 1287 sui
536 1250 567 1292 (ut
585 1250 615 1287 ita
635 1250 722 1294 dicam),
741 1250 779 1287 sed
798 1250 882 1286 ratione

56 1322 222 1366 impetrationis,
236 1333 291 1367 quae
305 1322 394 1366 proprie
407 1323 447 1359 soli
461 1322 555 1360 orationi
570 1333 607 1359 seu
621 1321 730 1366 petitioni,
743 1325 766 1359 ut
780 1321 829 1359 talis
844 1324 881 1363 est¹

57 1394 180 1437 respondet.
198 1393 261 1431 Ratio
281 1397 319 1437 est,
337 1394 388 1438 quia
407 1394 461 1432 haec
479 1394 625 1431 infallibilitas
646 1395 715 1431 solum
735 1393 840 1431 fundatur
859 1393 882 1429 in

56 1465 201 1509 promissione
219 1465 300 1509 divina,
316 1476 371 1511 quae
388 1476 431 1503 non
448 1466 560 1504 invenitur
575 1467 632 1503 tacta
650 1465 752 1510 operibus
770 1466 882 1508 iustorum,

56 1540 161 1581 quatenus
174 1537 292 1576 meritoriis
307 1538 332 1575 de
345 1548 446 1582 congruo,
461 1538 499 1575 sed
512 1541 595 1575 tantum
607 1538 708 1575 orationi.
721 1538 790 1581 Quare
804 1540 827 1574 ut
840 1537 884 1574 iru-

58 1612 104 1646 ctus
118 1609 183 1646 huius
197 1610 269 1647 meriti
284 1610 364 1647 certior
377 1610 410 1653 sit,
425 1610 563 1654 adiungenda
577 1620 661 1653 semper
676 1614 708 1647 est
720 1610 797 1654 petitio
812 1621 883 1653 perse-

58 1681 174 1719 verantiae.
189 1681 216 1718 Et
231 1681 306 1719 eadem
322 1682 405 1719 ratione
422 1693 465 1719 non
482 1683 551 1720 solum
568 1682 674 1719 orandum
691 1685 723 1719 est
738 1685 761 1719 ut
776 1691 820 1719 non
835 1693 884 1726 pec-

58 1764 137 1806 cemus
153 1753 191 1791 sed
206 1754 265 1791 utin
282 1754 379 1791 oratione
395 1765 564 1797 perseveremus,
579 1755 630 1798 quia
645 1765 714 1798 neque
730 1755 800 1791 oratio
814 1764 883 1797 neque

58 1825 219 1868 perseverantia
230 1825 253 1861 in
264 1825 301 1863 illa
313 1829 384 1869 potest
395 1826 442 1863 sine
454 1827 523 1869 gratia
532 1827 572 1863 Dei
582 1826 636 1869 fieri,
648 1837 717 1871 neque
730 1826 776 1864 sinc
790 1836 883 1869 congrua

59 1897 172 1935 vocatione
185 1897 227 1934 fiet.
240 1897 266 1934 Et
279 1898 309 1935 ita
323 1900 391 1935 toturn
404 1898 447 1935 hoc
460 1898 560 1935 meritum
576 1901 596 1936 et
608 1898 732 1942 impetratio
747 1898 834 1935 initium
848 1898 884 1934 ha-

57 1968 108 2006 bere
130 1969 193 2007 debet
210 1969 237 2006 ah
258 1970 329 2014 aliquo
350 1963 431 2007 auxilio
452 1971 499 2008 sine
520 1970 596 2007 merito
617 1971 650 2007 vel
669 1970 822 2013 impetratione
842 1970 884 2007 col-

57 2040 163 2078 lato»²⁰4.

111 2130 148 2168 Est
162 2131 269 2168 sententia
282 2131 372 2168 omnino
385 2131 506 2175 probabilis
520 2133 600 2169 iustum
613 2143 677 2175 posse
692 2132 717 2168 de
732 2134 828 2175 congruo
843 2143 884 2168 rne-

59 2203 102 2241 reri
118 2203 277 2246 reparationem
294 2207 343 2247 post
358 2205 449 2247 lapsum.
466 2205 498 2242 Ita
515 2207 590 2241 eontra
608 2216 623 2241 s.
639 2204 779 2241 Ttmmam20⁵
797 2203 886 2247 plurimi

52 2268 164 2319 theologi:
181 2286 197 2312 s.
208 2275 360 2313 Bonaventura
368 2279 401 2317 ²⁰¹⁵,
416 2276 491 2321 Scotus
500 2279 533 2320 2⁰⁷,
548 2288 564 2314 s.
578 2277 709 2313 Bellarmino
717 2279 751 2318 ²⁰⁸,
766 2275 843 2314 Suarez
852 2279 885 2317 ²⁰⁹,

60 2364 228 2371 *υ*-

109 2411 136 2434 204
149 2408 176 2440 De
188 2408 252 2447 gratia
264 2407 299 2440 lib.
313 2408 341 2447 12,
354 2418 395 2447 cap.
408 2408 430 2441 38
442 2418 471 2441 ur.
485 2408 517 2446 143
531 2409 562 2446 16;
576 2408 604 2441 17.

107 2471 135 2494 ²⁰⁵
150 2469 165 2507 1,
176 2469 187 2500 2
198 2478 215 2507 q.
227 2469 261 2501 114
273 2479 289 2502 a.
300 2469 319 2505 7.-
329 2469 354 2501 cf.
365 2471 431 2502 tamen
443 2470 465 2501 In
477 2469 584 2508 epistulam
596 2470 620 2502 ad
631 2469 729 2503 Hebraeos
741 2480 782 2508 cap.
795 2470 805 2503 6
816 2470 860 2502 lect.
870 2470 886 2502 3.

109 2532 135 2555 20⁶
149 2529 171 2561 ln
185 2529 195 2561 2
209 2530 254 2562 dist.
266 2529 288 2562 28
302 2530 347 2562 dub.
360 2530 376 2562 2.

108 2592 135 2614 2⁰?
150 2589 171 2621 lu
184 2590 194 2621 4
205 2589 250 2622 dist.
262 2590 272 2622 2
285 2599 303 2629 q.
316 2590 324 2622 1
338 2600 354 2622 a.
365 2590 382 2622 2.

109 2653 136 2675 ‘20⁸
150 2650 177 2682 De
188 2650 328 2683 iustificatione
341 2650 375 2683 lib.
388 2650 398 2682 5
410 2660 451 2690 eap.
465 2650 493 2683 22.

109 2713 137 2736 ²⁰⁹
149 2710 177 2743 Dc
190 2711 254 2749 gratia
266 2710 301 2743 lib.
314 2711 336 2744 12
349 2720 390 2750 cap.
402 2710 425 2744 38
438 2720 467 2744 nr.
479 2710 495 2744 6.
