1952 3093
391 89 512 127 -133-

39 210 88 248 dam
103 209 187 247 latiore.
205 209 229 245 In
247 208 400 247 iustificatione
418 208 481 246 datur
498 208 579 246 donum
596 209 724 253 increatum,
742 209 790 253 ipse
807 208 865 246 Deus

37 281 170 325 inhabitans,
187 285 208 319 et
224 281 294 325 gratia
311 284 343 318 est
359 280 525 318 fundamentum
543 281 655 320 relationis
672 282 699 319 ad
717 281 786 319 Deum
803 280 865 317 inha-

36 353 148 391 hitantem.
162 353 277 390 Terminus
290 353 355 390 huius
368 352 480 391 relationis
493 356 525 390 est
539 353 632 397 Spiritus
647 357 743 398 sanetus3
758 355 864 390 terminus

37 428 108 463 autem
121 425 232 462 relationis
246 427 304 462 recte
318 424 362 462 dici
375 427 446 469 potest
457 425 529 463 forma
540 427 635 469 externa,
648 425 757 469 assistens,
771 425 864 463 subiecti

37 497 156 535 relationis.
170 496 196 534 Et
210 497 263 535 hinc
279 497 368 535 omnino
384 497 428 535 dici
443 500 515 541 potest
530 497 635 541 Spiritum
650 500 748 535 sanctum
764 497 864 534 iniusti-

35 568 137 607 ficatione
148 580 170 607 se
180 569 261 607 hahere
272 569 300 607 ad
309 569 398 607 modum
407 569 491 607 formae
501 569 622 607 assistentis
632 572 655 607 et
665 569 774 613 analogae.
786 569 864 607 «Haec

37 644 114 679 natura
127 641 197 686 altior,
210 652 265 686 quae
279 641 364 679 homini
379 641 443 679 datur
455 641 506 684 itaet.
520 641 544 678 in
558 641 719 684 iustificatione)
735 652 779 680 non
794 642 864 679 solum

37 725 60 751 se
75 713 140 759 habet
155 724 195 757 per
209 713 297 751 modum
313 713 396 752 tonnae
412 713 528 757 absolutae,
543 725 598 758 quae
613 713 699 750 homini
714 713 864 751 inhaerentem

37 785 176 829 splendorem
190 788 210 823 et
222 785 380 830 perfectionem
393 786 484 830 confert,
497 786 535 824 sed
549 786 613 823 etiam
626 797 666 830 per
679 785 766 823 modum
780 786 863 824 formae

37 857 146 901 relativae,
161 868 203 902 qua
217 857 283 896 homo
297 857 406 895 ineffabili
420 858 486 896 modo
502 858 641 901 coniungitur
656 869 705 895 cum
719 857 802 901 Spiritu
816 868 864 895 san·

37 932 79 972 eto,
93 932 113 966 et
126 940 175 967 curn
187 932 232 967 tota
245 929 279 968 SS.
293 929 406 974 Trinitate,
418 930 529 975 Deumque
543 933 567 967 ut
579 930 694 974 proprium
707 940 769 967 suum
782 929 863 967 honum

36 1000 60 1037 in
72 1000 180 1039 sehabet:
192 1012 247 1046 quae
256 1001 344 1046 quidem
355 1001 486 1040 inhabitatio
497 1001 591 1046 Spiu'tus
601 1002 671 1039 saneti
682 1005 714 1040 est
724 1002 863 1046 quodammo-

38 1073 66 1110 do
83 1073 194 1117 fastigium
212 1077 232 1110 et
248 1073 409 1111 nobilissimum
428 1059 556 1112 elementum
574 1073 640 1111 huius
658 1073 863 1112 deificationissffi.

37 1199 181 1206 *-

84 1292 113 1314 143
125 1289 192 1328 Pesch,
209 1290 226 1328 5,
243 1289 284 1323 342.
