1952 3093
357 115 359 118 ι
407 63 553 103 23³5-

127 188 191 239 χ411110
210 186 249 224 412
267 186 297 223 ita
316 185 406 229 scripsit
425 196 441 222 s.
460 184 602 228 Augustinus:
625 184 744 223 «Visorum
764 184 903 222 suasionibus

76 262 119 306 agit
130 260 195 304 Deus,
207 260 232 296 ut
242 258 340 301 velimus,
353 260 409 295 etut
421 257 542 301 credamus,
556 257 601 295 sive
614 257 748 295 extrinsecus
762 267 802 301 per
814 266 903 300 evange·

75 334 129 373 licas
144 331 312 375 exhortationes,
326 328 364 367 ubi
379 332 400 367 ct
414 329 516 366 mandata
530 329 584 373 legis
599 329 682 374 aliquid
695 333 768 373 agunt,
783 329 802 367 si
817 328 902 367 adhoc

76 405 178 444 admonet
187 403 299 441 hominem
310 401 443 439 infirmitatis
453 411 510 446 suae,
521 404 545 438 ut
554 401 582 439 ad
592 402 684 452 gratiam
693 401 846 439 iustificantem
858 411 903 439 cre-

76 477 147 516 dendo
158 476 276 520 confugiat,
289 475 334 512 sive
345 474 483 517 intrinsecus,
495 474 532 511 uhi
545 484 608 511 nemo
620 474 686 511 habet
697 475 721 511 in
733 476 839 517 potestate
850 473 904 518 quid

77 550 96 588 ei
108 548 182 587 veniat
194 548 217 585 in
231 550 331 591 mentem,
346 547 384 585 sed
397 547 521 584 consentire
534 546 568 584 vel
583 546 699 584 dissentire
712 546 816 590 propriae
828 546 903 583 volun-

76 621 126 660 tatis
138 623 177 659 est.
188 620 227 657 His
240 629 290 664 ergo
301 618 373 656 modis
385 618 474 663 quando
485 618 543 655 Deus
555 619 599 662 agit
611 629 660 655 cum
673 619 746 655 anima
758 618 867 662 rationali,
879 621 903 655 ut

77 694 96 732 ei
111 692 192 737 credat,
206 702 276 737 neque
290 691 350 729 enim
366 690 455 729 credere
469 693 541 734 potest
556 690 669 735 quodlibet
684 691 754 728 libero
770 690 868 734 arbitrio,
885 691 902 727 si

77 765 135 803 nulla
147 763 176 802 sit
188 764 259 802 suasio
271 764 306 801 vel
317 763 402 800 vocatio
416 763 451 800 cui
464 762 547 807 credat;
561 762 660 806 profecto
673 766 694 800 et
706 763 777 806 ipsum
790 763 845 800 velle
858 773 903 800 cre-

76 837 126 875 dere
141 836 199 874 Deus
216 838 319 880 operatur
334 835 357 871 iu
375 835 470 884 homine,
488 837 508 872 et
525 835 549 871 in
567 834 668 872 omuibus
686 834 838 872 misericordia
853 834 908 872 eius

76 908 188 953 praevenit
199 918 248 953 nos;
261 906 385 945 consentire
396 910 467 944 autem
477 906 587 944 vocationi
599 906 645 950 Dei,
657 907 691 943 vel
703 906 729 944 ab
742 917 766 944 ea
779 906 901 950 dissentire,

77 972 133 1018 sicut
150 979 202 1024 dixi,
219 978 323 1023 propriae
339 979 456 1017 voluntatis
474 981 558 1016 est»3⁵.
575 978 648 1023 Neque
666 968 720 1016 haec
737 989 753 1016 s.
770 978 902 1022 Augustinus

76 1062 177 1097 umquam
191 1051 323 1090 retractavit.
745 1043 747 1046 ’

129 1197 181 1235 Cum
201 1196 333 1234 iansenistae
353 1197 486 1239 negaverint,
504 1197 596 1239 gratiam
615 1207 673 1233 mere
694 1195 836 1233 sufficientem
856 1207 902 1233 esse

76 1280 151 1306 verum
166 1268 295 1307 heneficium
308 1268 355 1310 Dei,
370 1269 437 1306 immo
452 1268 577 1312 putaverint
591 1266 638 1306 eam
651 1279 699 1305 esse
715 1268 814 1305 inutilem
830 1271 850 1305 et
866 1278 902 1305 no-

77 1340 153 1385 civam,
163 1340 259 1378 breviter
270 1340 343 1377 adhuc
350 1339 509 1377 ostendendum
519 1342 557 1384 est,
567 1350 614 1377 eam
625 1351 671 1377 esse
682 1350 757 1377 verum
767 1339 903 1396 heneficium,

77 1412 224 1457 materIaliter,
239 1413 258 1449 si
273 1412 354 1449 donum
368 1412 391 1448 in
406 1422 428 1450 se
442 1414 557 1456 spectatur,
573 1415 594 1449 et
608 1412 673 1449 etiam
689 1412 816 1455 formaliter,
831 1414 903 1457 quate-

77 1495 117 1522 nus
128 1488 151 1522 111
160 1485 241 1522 donum
252 1495 264 1521 a
275 1484 319 1521 Deo
331 1470 448 1521 confertur.
459 1482 532 1521 Gratia
542 1494 601 1521 mere
612 1483 721 1521 sufficiens
731 1494 781 1521 vere
794 1484 830 1521 dat
839 1495 904 1528 posse

78 1559 138 1594 actus
151 1556 261 1601 salutaris,
275 1556 374 1599 accipere
387 1557 460 1593 autem
472 1538 529 1592 hanc
542 1556 662 1599 potentiam
677 1556 723 1592 sine
738 1555 804 1593 dubio
818 1556 903 1593 homini

77 1627 158 1665 honum
168 1630 188 1665 et
197 1627 249 1665 utile
261 1630 299 1665 est.
311 1628 372 1671 Quod
384 1629 455 1665 autem
464 1627 529 1664 homo
541 1637 585 1664 non
597 1628 649 1664 velit
659 1628 690 1664 uti
702 1628 743 1664 hoc
755 1628 819 1671 dono,
830 1638 903 1672 quarn·

78 1699 111 1736 vis
125 1702 205 1743 nosset,
218 1700 239 1736 si
253 1699 323 1742 vellet,
339 1709 383 1737 non
399 1701 467 1736 mutat
481 1699 588 1736 rationem
603 1698 711 1736 beneficii.
726 1698 753 1736 Et
768 1699 786 1736 si
803 1710 829 1736 ex
842 1709 903 1743 prae-

79 1770 148 1808 sentia
164 1770 228 1808 huius
246 1770 298 1807 doni
313 1771 378 1814 culpa
393 1770 489 1808 hominis
506 1770 627 1808 resistentis
643 1774 738 1815 augetur,
755 1771 779 1808 id
794 1781 838 1809 non
855 1782 904 1815 pro-

78 1843 138 1880 venit
148 1854 174 1880 ex
185 1826 234 1897 ipso
245 1843 301 1880 douo
311 1846 335 1880 ut
343 1843 388 1886 tali,
400 1843 439 1880 sed
449 1854 475 1881 ex
486 1842 568 1880 maiore
578 1842 662 1880 malitia
673 1843 790 1881 voluntatis
801 1843 904 1880 hominis.

78 1914 145 1953 Porro
161 1914 230 1960 gratia
244 1926 309 1953 merev
318 1914 426 1952 sufficiens
443 1918 475 1952 est
490 1915 612 1952 formaliter
624 1915 760 1960 beneficium,
776 1915 800 1952 id
815 1918 848 1953 est
862 1926 904 1960 qua

79 1986 207 2025 beneficium
220 1974 234 2025 a
246 1988 291 2025 Deo
306 1987 424 2024 confertur.
439 1986 530 2025 Collatio
545 1988 602 2024 enim
617 1987 681 2024 huius
697 1988 749 2025 doni
764 1988 865 2032 procedit
879 2000 904 2026 ex

80 2060 135 2097 seria
150 2059 190 2097 Dei
204 2060 314 2097 voluntate
329 2059 433 2104 salvifica;
449 2060 506 2097 Deus
522 2060 567 2096 vult
582 2060 624 2097 hoc
641 2060 698 2097 dono
713 2060 841 2103 possibilem
857 2061 904 2098 red-

80 2130 130 2169 dere
145 2131 230 2169 homini
247 2134 319 2168 actum
336 2132 457 2175 salutarem,
475 2133 520 2168 vult
535 2135 558 2169 ut
576 2132 604 2168 sit
620 2132 705 2169 homini
722 2133 827 2169 auxilium
845 2135 867 2169 et
882 2136 905 2170 ut

3 2248 8 2255 ,
78 2202 143 2240 homo
160 2215 185 2242 ea
201 2205 280 2241 utatur.
297 2203 366 2240 Homo
382 2203 470 2247 quidem
488 2213 531 2240 non
549 2204 595 2240 vult
611 2204 783 2248 correspondere
799 2204 852 2242 huic
868 2215 904 2242 vo-

2 2270 5 2283 ‘
58 2272 59 2275 ’
78 2274 156 2312 luntati
170 2274 263 2318 divinae,
276 2275 344 2312 libere
357 2275 439 2312 resistit
451 2275 542 2319 gratiae
558 2275 596 2312 sed
610 2276 661 2313 inde
676 2286 720 2313 non
735 2279 830 2313 mutatur
843 2276 904 2321 quid·

2 2330 6 2338 *
79 2356 143 2389 quam
157 2346 180 2383 in
194 2358 225 2390 eo,
239 2346 298 2391 quod
311 2347 369 2383 Deus
382 2347 425 2383 hoo
438 2346 519 2384 donum
534 2358 560 2384 ex
573 2347 631 2384 bona
645 2347 755 2385 voluntate
769 2348 854 2385 homini
870 2348 904 2385 dc-

80 2416 142 2455 derit.
153 2417 198 2455 Scit
209 2418 267 2456 Deus
279 2418 390 2455 hominem
402 2418 470 2455 libere
482 2428 526 2455 non
538 2429 628 2455 usurum
641 2430 687 2456 esse
699 2419 740 2456 hac
753 2419 829 2464 gratia,
840 2419 904 2457 relin-

80 2489 126 2532 quit
136 2489 221 2526 homini
232 2489 361 2533 libertatem,
373 2490 483 2533 permittit:
492 2493 615 2534 peccatum3
630 2490 668 2527 sed
680 2490 732 2527 inde
744 2501 789 2529 non
802 2491 905 2535 sequitur,

79 2562 102 2597 ut
111 2561 169 2598 Deus
181 2561 272 2605 gratiam
284 2560 341 2598 hanc
353 2560 437 2598 homini
449 2561 540 2605 dederit,
552 2564 576 2598 ut
587 2561 607 2599 ei
619 2561 711 2606 resistat,
724 2562 764 2605 sed·
775 2573 850 2600 verum
861 2573 905 2600 ma-

81 2660 111 2669 -η

128 2733 145 2755 ³⁵
158 2729 186 2763 De
199 2728 271 2769 spiritu
285 2732 304 2762 et
317 2729 386 2763 littera
397 2728 426 2768 34,
439 2729 471 2768 603
484 2729 518 2763 ML
530 2729 559 2769 44,
573 2728 617 2768 24ος
632 2730 649 2764 R
662 2728 714 2764 1736.
