1952 3093
399 32 521 85 4225-

49 176 86 212 das
98 174 154 208 artes
168 173 188 207 et
200 171 288 208 fraudes
301 181 375 207 eorum
385 170 425 214 qut
438 170 466 206 ad
476 170 613 213 peccandum
626 169 713 207 allicere
727 169 833 206 student»
842 173 876 205 ²41.

50 247 162 283 Praeterea
177 243 284 280 orandum
298 253 344 279 esse
358 245 432 280 monet
445 242 557 286 Dominus,
573 253 597 279 eo
612 242 660 285 fine,
675 245 755 279 utnon
770 242 793 278 in
809 245 876 279 tenta-

50 319 131 354 tionem
143 315 232 358 intrent,
244 315 303 359 quod
315 317 347 352 est
358 315 402 351 vel:
416 317 440 351 ut
452 323 496 350 non
508 314 622 351 incurrant
633 314 656 350 in
669 315 817 357 tentationem,
828 315 873 350 vel:

49 389 126 426 utnon
135 385 252 424 voluntatis
261 396 353 424 assensu
362 387 386 423 in
397 386 538 433 tentationem
549 386 637 429 intrent,
646 386 661 423 i.
672 397 690 423 e.
701 387 721 423 ei
732 386 876 429 consentiant,

50 464 72 498 ln
87 471 111 496 33
127 460 275 496 succumbant.
290 459 357 496 Addit
374 459 453 496 deinde
468 458 575 496 rationem
590 458 707 496 Dominus:
726 459 816 502 spiritus
831 458 877 502 qui-

52 534 99 569 dem
115 534 235 574 promptus,
250 541 300 567 caro
315 533 387 567 autem
402 530 497 573 infirma;
514 540 564 574 ergo
581 530 666 567 etiamsi
682 531 771 574 spiritus
788 530 876 574 quidem

50 606 120 641 bonus
132 603 165 645 sit,
175 606 247 639 tamen
258 602 365 639 orandum
377 606 414 646 est,
426 602 477 646 quia
488 605 585 645 exparte
596 601 694 639 infirmae
705 603 778 639 caruis
789 602 877 639 venient

52 674 194 717 difficultates,
206 674 233 711 ad
243 685 296 718 quas
308 674 442 716 superandas
454 673 559 710 auxilium
571 673 669 710 divinum
681 674 827 711 necessarium
839 677 877 710 est.

53 747 99 784 «Ut
111 747 177 790 igitur
190 746 247 783 vires
260 746 333 783 adsint
345 747 374 784 ad
384 746 441 783 hauc
453 746 526 783 carnis
539 745 687 782 infirmitatem
700 746 845 790 superandam
857 749 878 783 et

52 822 75 856 ut
89 830 114 855 ea
127 817 252 855 infirmitate
267 829 311 855 nou
326 818 373 861 ipse
389 818 479 862 spiritus
494 818 616 855 infirmetur
629 820 650 855 et
665 828 676 854 a
691 818 750 856 bono
764 817 877 861 proposito

52 891 130 927 misere
141 890 228 927 excidat
238 901 292 933 opus
303 894 335 926 est
345 890 449 933 oratione,
460 901 502 933 qua
512 890 569 927 vires
580 890 630 926 illae
642 890 777 927 necessariae
788 890 878 927 coelitus

53 964 196 1006 impetrentur
204 975 215 998 »
224 966 257 998 242.

106 1040 167 1076 Hanc
179 1050 281 1083 pugnam,
295 1041 387 1084 quaein
401 1040 450 1083 ipso
464 1040 553 1077 homine
567 1043 599 1077 est
612 1040 670 1076 inter
683 1040 784 1084 spiritum
799 1043 820 1076 et
834 1050 879 1076 car-

55 1122 109 1155 uem,
122 1111 226 1149 describit
239 1123 255 1149 s.
267 1111 345 1148 Paulus
359 1112 413 1149 Rom
427 1112 437 1148 7
452 1116 472 1149 et
486 1112 549 1149 docet
561 1112 607 1150 solo
619 1111 703 1149 auritio
716 1112 797 1156 gratiae
810 1112 879 1148 homi-

55 1194 103 1220 nem
116 1184 139 1219 in
152 1183 189 1220 illa
202 1194 246 1220 non
260 1183 407 1221 succumbere.
422 1183 532 1227 Quidquid
545 1184 573 1221 sit
587 1184 613 1220 de
626 1183 772 1226 explicatione
786 1183 879 1227 singulo-

55 1255 102 1292 ru'm
117 1266 218 1293 versuum
233 1259 254 1293 ct
267 1256 383 1293 verborum
398 1257 462 1293 huius
479 1257 563 1300 capitis,
579 1267 621 1300 qua
638 1256 701 1293 dere
719 1257 816 1292 diversae
832 1259 881 1292 sunt
922 1245 926 1248 ’

55 1329 111 1364 inter
123 1328 242 1365 catholicos
256 1330 353 1371 exegetas
368 1328 486 1365 sententiae
495 1331 528 1371 ²4³,
540 1328 582 1365 hoc
595 1332 667 1364 tamen
680 1331 745 1371 patet,
760 1328 881 1371 apostolum

56 1391 128 1436 dicere
139 1399 162 1435 in
173 1401 252 1443 seipso,
263 1401 286 1436 in
296 1400 399 1437 membris
409 1400 460 1443 suis,
470 1400 493 1435 in
505 1411 570 1437 carue
579 1411 625 1437 esse
636 1400 730 1443 aliquam
740 1401 816 1443 legem,
827 1410 881 1442 quae

56 1483 77 1509 se
91 1471 183 1514 opponit
193 1472 236 1515 legi
247 1472 294 1508 Dei.
307 1471 364 1509 Hinc
377 1483 441 1516 quam
454 1471 549 1514 primurn
562 1472 627 1508 homo
640 1471 741 1514 coguovit
752 1472 822 1514 legem
834 1470 881 1512 Dei,

56 1544 125 1581 oritur
135 1544 158 1579 in
170 1543 219 1586 ipso
231 1553 303 1587 pugna
315 1543 372 1581 inter
382 1544 406 1580 id
417 1543 476 1587 quod
487 1543 612 1581 iaciendum
624 1543 725 1586 cognovit
737 1546 757 1580 et
769 1542 827 1586 quod
840 1543 883 1585 spi-

58 1616 112 1652 ritus
123 1616 187 1653 etiam
200 1617 272 1653 lacere
283 1616 328 1652 vult
343 1615 371 1657 [11.
384 1615 415 1659 to,
428 1615 459 1659 21,
472 1615 505 1658 22)
520 1619 540 1653 31
551 1617 626 1659 legem,
639 1626 693 1659 quae
704 1616 769 1652 estin
780 1615 884 1651 membris

60 1688 88 1730 (v.
100 1688 140 1729 23).
152 1688 210 1725 Haec
220 1689 255 1724 lex
267 1699 316 1725 eum
326 1688 447 1731 perducere
458 1688 504 1724 vult
516 1688 543 1725 ad
554 1690 668 1732 peccatum
679 1698 747 1732 eoque
760 1687 824 1724 etiam
834 1698 883 1730 per·

59 1762 151 1804 duceret,
164 1761 183 1797 si
194 1772 238 1798 non
249 1761 379 1798 liberaretur
389 1764 409 1798 31
421 1761 532 1797 iuvaretur
541 1762 610 1805 gratia
622 1759 714 1798 Christi:
729 1761 774 1798 sola
785 1760 827 1796 hac
837 1769 883 1803 gra-

58 1817 157 1870 tialiber
168 1843 255 1870 manere
270 1835 341 1875 potest
353 1844 365 1869 a
378 1835 468 1876 peccato
486 1832 607 1875 (indirecte,
621 1832 701 1876 gratias
715 1831 798 1875 agendo
812 1842 832 1868 v.
846 1831 881 1876 253

59 1905 140 1942 directe
154 1904 172 1948 8,
185 1905 196 1941 2
210 1905 253 1947 ss).

113 1976 227 2019 Quaeritur
237 1976 285 2020 quis
299 1976 327 2013 sit
338 1976 492 2020 intelligendus
504 1976 541 2014 ille
553 1986 603 2020 ego:
618 1976 682 2013 homo
696 1976 734 2013 sub
747 1977 793 2019 lege
806 1977 884 2013 mosai-

60 2059 94 2093 ca;
107 2048 172 2085 homo
188 2048 320 2085 christianus
334 2048 461 2086 iustificatus
479 2048 518 2090 (ita
531 2051 607 2092 postea
622 2059 638 2085 s.
653 2047 792 2092 Augustinus)
799 2051 835 2085 244.
848 2048 884 2084 Di-

60 2120 152 2156 cendum
164 2119 261 2157 videtur:
274 2120 339 2157 homo
352 2120 448 2163 sublege
460 2121 562 2158 mosaica.
574 2119 615 2157 Sed
627 2120 661 2156 lex
674 2120 770 2157 mosaica
781 2120 824 2157 hoc
835 2120 884 2157 loco

61 2191 87 2228 ab
100 2192 201 2234 ,apostolo
215 2202 259 2228 non
274 2191 425 2228 consideratur
439 2191 568 2235 inquantum
583 2194 714 2236 praeterea,
728 2203 783 2236 quae
797 2192 833 2229 lex
849 2202 885 2228 na-

61 2262 136 2299 turalis
151 2263 288 2306 praescribit,
304 2263 369 2300 3113111
383 2265 500 2306 praecepta
516 2263 683 2300 caeremonialia
698 2263 765 2306 dedit,
781 2263 820 2300 sed
835 2273 885 2307 qua-

60 2337 122 2370 tenus
137 2335 235 2377 praecise
251 2334 315 2371 dicit:
332 2344 376 2372 non
392 2334 543 2379 concupisces;
559 2345 598 2378 per
612 2334 670 2370 hanc
684 2335 801 2377 positivam
816 2335 884 2378 legem

108 2530 135 2550 ²41
149 2526 293 2559 Knahenbauer
304 2526 325 2558 in
337 2526 357 2559 11,
370 2526 387 2560 1.

108 2590 135 2611 242
149 2587 292 2620 Knaheubauer
304 2587 325 2619 in
338 2587 357 2620 h,
371 2587 387 2620 1.

108 2651 135 2672 24³
148 2647 177 2679 Cf.
190 2648 365 2680 Commentatores.

107 2711 136 2732 am
149 2707 201 2747 Prat,
214 2708 241 2740 La
254 2707 353 2746 theologie
366 2708 389 2740 de
402 2707 458 2741 Saint
470 2707 525 2747 Paul,
538 2710 552 2740 t.
566 2708 582 2748 1,
596 2708 625 2740 ed.
639 2709 656 2747 9,
669 2717 712 2748 pag.
727 2709 761 2741 272
775 2719 800 2741 ss.

111 2840 205 2873 Lnuunnz.
217 2859 242 2863 —
253 2840 281 2873 De
293 2840 361 2874 Gratia
374 2840 518 2879 Redemptoris.
