1952 3093
410 64 532 104 -361—

55 189 89 223 cta
102 187 157 229 sunt,
170 197 216 225 esse
228 187 322 230 speciale
333 186 461 226 beneficium
474 198 523 231 erga
536 188 629 232 Petrum,
639 188 700 234 ,quod
714 198 756 226 non
771 187 883 231 adfuisset,

55 258 73 297 si
88 258 152 302 Deus,
167 258 199 296 uti
214 259 326 304 potuisset,
341 260 439 304 elegisset
453 260 560 305 ordinem,
575 260 597 298 in
613 272 656 306 quo
672 261 738 299 relate
753 262 781 298 ad
796 260 883 298 Petrum

55 330 197 368 condiciones
212 331 265 368 tales
280 335 357 376 essent,
373 333 403 369 uti
418 333 446 374 in>
457 333 521 370 tertio
536 333 635 377 exemplo
650 333 764 371 habentur.
779 332 884 370 Similiter

55 403 147 441 babetur
160 403 255 447 speciale
268 404 396 442 beneficium
411 414 461 449 erga
474 404 567 451 Petrum,
582 406 600 442 si
616 408 756 449 comparatur
771 416 819 443 cum
835 405 883 442 aliis

55 475 187 520 bominibus,
200 476 238 521 qui
251 476 274 514 in
286 477 396 519 praesenti
407 461 485 515 ordine
497 487 540 514 non
555 477 701 516 salvabuntur.

109 546 164 592 Ergo
181 547 305 587 differentia
320 549 402 593 gratiae
418 548 511 587 efficacis
527 561 538 587 a
554 549 673 587 sufficiente
688 551 711 587 in
726 549 767 588 hae
784 550 884 588 doctrina

57 630 98 657 non
116 620 217 658 consistit
231 620 253 656 in
269 620 394 658 differentia
407 623 430 658 in
445 621 531 658 interna
546 623 593 665 ipsa
609 623 698 660 entitate
712 623 800 667 gratiae,
816 623 846 659 ita
860 625 884 659 ut

57 693 124 730 altera
138 703 165 729 ex
178 692 264 730 interna
277 704 315 730 sua
328 695 405 730 natura
420 693 449 730 sit
463 693 544 736 efficax,
560 694 626 731 altera
640 704 691 737 non,
706 694 744 732 sed
759 694 828 738 gratia
843 693 885 732 effi·
929 718 931 723 -

57 776 96 802 cax
110 766 143 802 est
155 776 179 802 ea
192 765 261 809 gratia
275 775 325 802 vere
340 764 455 809 sufficiens,
469 776 518 802 cum
531 776 573 809 qua
587 765 644 803 Deus
659 766 700 803 seit
713 765 824 804 hominem
839 777 885 805 esse

57 840 230 881 cooperaturum,
243 837 312 881 gratia
325 848 383 875 mere
398 837 507 875 sufficiens
519 848 571 875 vero
585 848 610 875 ea
623 838 692 881 gratia
706 849 756 876 vere
770 838 885 882 sufficiens,
900 840 902 843 ”

57 920 105 946 eum
119 920 162 954 qua
173 909 231 947 Deus
245 909 287 947 scit
300 909 411 947 hominem
425 920 469 947 non
483 921 529 947 esse
542 913 715 953 cooperaturum.

109 981 166 1026 Ergo
180 981 275 1020 efficacia
287 981 360 1026 operis
373 982 503 1022 antecedens
516 982 598 1026 gratiae
612 982 705 1020 efficacis
718 994 744 1020 eo
758 982 885 1027 explicatur,

58 1054 116 1099 quod
129 1054 186 1092 Dens
200 1054 285 1091 homini
299 1064 346 1091 eam
361 1054 397 1092 dat
410 1054 508 1098 gratiam,
521 1065 585 1099 quam
598 1054 639 1092 scit
652 1066 698 1092 esse
713 1064 836 1099 congruam,
851 1054 886 1092 eui

58 1127 123 1164 bomo
133 1126 260 1164 consentiat.
270 1126 385 1164 Terminus
396 1136 530 1171 «congrua»
539 1130 571 1164 est
581 1126 701 1164 secundum
711 1127 887 1176 saugustinum,

59 1198 96 1244 qui
114 1198 178 1237 dicit:
198 1198 295 1236 «Verum
312 1202 344 1236 est
361 1209 422 1242 ergo:
439 1199 500 1236 Multi
515 1199 594 1245 vocati,
610 1199 674 1243 pauci
691 1199 761 1237 electi.
778 1199 813 1236 Illi
829 1199 886 1237 enim

15 1301 18 1306 .
59 1267 129 1316 electi,
141 1270 179 1315 qui
192 1273 336 1315 congruenter
350 1270 431 1315 vocati3
446 1270 479 1307 illi
494 1273 564 1308 autem
579 1271 616 1315 qui
631 1281 675 1309 non
690 1270 838 1315 congruebant
852 1281 888 1308 ne—

59 1354 100 1387 que
112 1342 332 1387 contemperabantur
343 1342 460 1386 vocationi,
472 1353 516 1381 non
528 1342 597 1386 electi,
609 1342 715 1387 quianon
728 1342 803 1388 secuti,
815 1354 888 1388 quam-

60 1415 92 1453 vis
105 1415 183 1454 vocati.
196 1415 250 1453 Item
263 1425 338 1453 verum
353 1418 395 1453 est:
411 1414 460 1453 Non
474 1415 568 1454 volentis
582 1425 652 1461 neque
667 1414 781 1459 currentis
796 1415 835 1453 sed
849 1415 887 1453 mi-

60 1487 152 1525 serentis
170 1491 202 1525 est
219 1487 266 1531 Dei,
284 1487 341 1532 quia,
360 1487 444 1526 etiamsi
461 1488 540 1525 multos
557 1490 625 1531 vocet,
644 1498 719 1525 eorum
737 1490 808 1525 tamen
826 1488 888 1525 mise-

60 1563 125 1603 retur,
139 1570 193 1604 quos
206 1559 236 1597 ita
251 1562 319 1602 vocat,
334 1560 443 1604 quomodo
457 1559 485 1597 iis
499 1560 574 1598 vocari
588 1562 661 1603 aptum
676 1562 714 1603 est,
728 1564 751 1598 ut
765 1563 888 1604 sequantur.

48 1630 146 1670 ⁰Falsum
162 1634 193 1669 est
207 1634 279 1669 autem
291 1621 308 1668 si
322 1632 370 1675 quis
384 1631 448 1669 dicit:
464 1631 532 1675 Igitur
546 1641 590 1668 non
605 1631 728 1670 miserentis
741 1631 788 1675 Dei,
801 1632 839 1669 sed
853 1642 889 1669 vo·

61 1704 125 1741 lentis
142 1706 205 1749 atque
221 1703 329 1741 currentis
346 1706 378 1741 est
392 1703 498 1748 hominis3
516 1704 566 1747 quia
584 1703 664 1741 nullius
680 1704 737 1741 Deus
754 1703 835 1741 frustra
851 1704 889 1740 rni—

62 1779 153 1821 seretur;
173 1776 234 1813 cuius
253 1779 323 1813 autem
341 1776 461 1819 miseretur,
480 1776 512 1813 sie
530 1786 579 1813 eum
596 1779 665 1820 vocat,
682 1775 791 1820 quomodo
810 1775 851 1813 scit
870 1774 889 1814 ei

62 1858 187 1892 congruere,
198 1850 221 1885 ut
230 1849 344 1885 vocantem
355 1857 399 1895 non
410 1839 498 1891 re'spuat
506 1860 516 1883 »
525 1851 550 1884 ⁸⁶.
559 1846 612 1884 Eam
623 1848 766 1892 vocationem,
778 1848 813 1884 cui
824 1847 889 1885 homo
928 1884 931 1889 ,

62 1920 176 1965 consentit,
188 1921 278 1966 speciali
290 1921 355 1958 modo
367 1921 387 1958 ei
399 1932 444 1958 esse
456 1930 574 1965 congruam
585 1923 651 1965 patet.
662 1920 717 1957 Nam
728 1923 786 1959 recte
798 1920 887 1958 Suarez:

61 1993 151 2031 t'oeatio
166 2005 221 2038 quae
237 1993 300 2031 datur
316 1993 404 2038 quando
421 1995 537 2037 operatura
553 1996 585 2030 est
602 1992 715 2030 «maxime
732 2002 827 2037 congrua
846 1992 890 2030 dici

63 2068 139 2109 potest,
151 2066 202 2110 quia
214 2066 307 2103 maxime
319 2065 420 2109 congruit
429 2064 521 2108 homini,
532 2065 567 2102 cui
578 2065 655 2102 melius
666 2068 697 2102 est
709 2064 790 2107 vocari,
802 2064 890 2109 quando

63 2148 206 2182 responsurus
219 2140 256 2182 est,
268 2136 353 2189 etiamsi
366 2137 455 2175 remisse
466 2140 561 2180 vocetur,
574 2147 638 2181 quam
650 2136 737 2174 fortiter
748 2135 829 2175 vocari.
842 2147 889 2173 cum

64 2220 208 2248 consensurus
225 2220 268 2248 non
286 2212 318 2247 est
326 2222 337 2245 »
345 2212 370 2247 ⁸⁷.

117 2288 139 2327 Si
152 2288 220 2327 homo
231 2287 297 2325 alicui
310 2287 391 2332 gratiae
405 2288 520 2329 consentit,
533 2286 617 2330 signum
633 2289 664 2324 est
678 2297 725 2323 eam
737 2287 806 2330 magis
820 2290 891 2330 aptam

65 2360 131 2399 luisse
144 2360 171 2399 ad
183 2360 314 2399 movendum
324 2360 383 2397 bunc
393 2360 511 2404 bominem,
522 2370 586 2404 quam
598 2359 639 2396 alia
651 2359 727 2402 gratia,
740 2359 775 2396 cui
786 2369 830 2396 non
842 2369 892 2396 con-

65 2433 160 2471 sentiret.
176 2432 271 2471 Facilius
285 2432 351 2470 homo
366 2434 465 2469 movetur
480 2431 508 2469 ad
524 2441 654 2469 consensum
670 2442 709 2475 per
723 2431 822 2475 gratiam,
838 2442 892 2476 quae

64 2505 228 2543 conditionibus
247 2504 299 2548 eius,
318 2504 427 2548 praesenti
446 2504 517 2548 statui,
537 2503 725 2548 dispositionibus,
744 2502 892 2541 inclinationi-

65 2605 209 2614 *—

115 2676 133 2699 ⁸⁵
146 2672 174 2707 De
187 2671 226 2706 div.
239 2673 315 2712 quaest.
329 2671 354 2706 ad
367 2670 519 2711 simplicianum
533 2671 549 2709 1,
562 2670 579 2709 2,
594 2669 625 2710 13;
638 2669 672 2703 ML
685 2669 714 2710 40,
728 2670 763 2703 118
775 2680 799 2709 s.;
813 2670 829 2703 R
843 2669 896 2704 1573.

115 2736 131 2758 ⁸⁷
145 2733 173 2766 De
185 2732 250 2772 gratia
262 2730 296 2765 lib.
309 2731 319 2765 3
333 2740 374 2770 cap.
389 2730 412 2763 14
424 2740 454 2763 nr.
468 2730 484 2763 9.
