1952 3093
489 42 597 80 -22-

126 175 201 212 tribue
214 175 278 213 nobis
290 177 313 213 in
326 177 367 213 hac
380 187 451 220 causa,
465 188 522 221 papa
534 177 664 221 beatissime,
679 181 740 221 pater
754 178 842 223 optime,
854 182 958 223 quantum

131 248 218 285 iuvante
235 249 328 287 Domino
346 253 414 294 potes,
432 250 567 294 diligentiam
584 250 671 294 pietatis
689 254 743 297 tuae,
760 254 784 288 ut
801 262 855 296 quae
871 252 894 289 in
911 252 959 289 istis

131 321 294 365 quaestionibus
317 322 450 367 obscuriora,
474 326 494 360 et
516 323 543 360 ad
565 323 733 367 percipiendum
756 323 880 362 difficiliora
903 327 959 369 sunt,

131 405 195 438 quam
215 394 358 433 lucidissimis
379 395 552 439 expositionibus
576 395 671 440 digneris
692 396 784 440 aperire.
806 397 836 434 Ac
857 397 959 441 primum,

131 467 182 511 quia
197 467 295 512 plerique
311 478 355 505 non
371 471 448 511 putant
464 468 605 506 christianam
620 468 685 506 fidem
702 469 744 507 hac
762 468 897 508 dissensione
915 471 959 508 vio·

127 540 178 582 lari,
191 542 295 583 quantum
308 540 400 584 periculi
414 541 441 578 sit
454 541 476 577 in
490 552 564 578 eorum
577 541 718 585 persuasione
731 542 856 586 patefacias.
868 542 959 586 Deinde,

132 612 240 656 quomodo
252 623 291 656 per
302 613 365 650 istam
377 616 556 657 praeoperantem
569 617 589 651 et
599 617 752 657 cooperantem
764 614 855 658 gratiam
866 615 959 653 liberum

132 696 176 722 non
189 685 321 728 impediatur
335 685 456 723 arbitrium.
469 686 530 729 Tum,
545 689 617 723 utrum
630 687 775 730 praescientia
788 687 828 724 Dei
842 687 872 725 ita
886 698 960 725 secun-

134 758 184 795 dum
198 758 334 801 propositum
349 761 441 802 maneat,
457 763 479 795 ut
495 770 519 795 ea
534 758 582 801 ipsa
598 769 652 803 quae
668 762 717 796 sunt
732 759 851 803 proposita,
867 760 911 797 sint
925 771 960 797 ac-

133 831 235 874 cipienda
253 831 371 874 praescita:
391 841 417 867 an
436 843 475 875 per
491 840 570 874 genera
588 842 701 868 causarum
719 835 740 869 et
757 832 840 875 species
858 843 960 876 persona-

133 914 180 940 rum
192 904 234 940 ista
245 904 365 948 varientur;
379 907 403 940 ut
415 904 465 948 qnia
480 904 578 941 diversae
591 907 640 941 sunt
653 904 778 941 vocationes
792 905 815 941 in
829 904 863 941 his
877 905 914 949 qui
928 904 960 941 ni-

133 976 163 1012 hil
178 977 288 1019 operaturi
303 977 419 1020 salvantur,
433 976 495 1020 quasi
508 976 577 1013 solum
589 976 629 1013 Dei
643 976 779 1019 propositum
792 976 891 1014 uideatur
906 977 960 1014 exsi-

134 1051 199 1093 stere;
212 1048 235 1084 in
247 1048 282 1085 his
296 1051 366 1085 autem
377 1049 414 1092 qui
428 1047 511 1092 aliquid
523 1047 576 1084 boni
589 1048 658 1085 acturi
672 1051 727 1093 sunt,
741 1059 780 1092 per
793 1049 960 1092 praescientiam

133 1121 202 1165 possit
212 1124 267 1158 stare
279 1120 426 1164 propositum:
440 1132 467 1157 an
478 1131 529 1157 vero
540 1120 685 1164 uniformiter,
695 1120 747 1158 licet
758 1120 828 1158 dividi
838 1122 960 1164 praescien-

134 1193 164 1231 tia
179 1205 190 1230 a
204 1194 317 1237 proposito
332 1194 447 1236 temporali
464 1191 604 1230 distinctione
620 1203 663 1230 non
679 1192 754 1236 possit,
770 1193 916 1237 praescientia
931 1196 961 1231 ta·

134 1277 183 1303 nien
199 1265 292 1310 quodam
308 1265 385 1303 ordine
401 1266 429 1302 sit
444 1264 537 1302 subnixa
550 1264 672 1309 proposito;
690 1267 710 1301 et
725 1265 781 1302 sicut
796 1264 852 1301 nihil
867 1266 894 1303 sit
910 1276 960 1310 quo-

135 1348 274 1382 rumcumque
288 1337 430 1383 negotiorum,
444 1337 502 1381 quod
517 1347 561 1374 non
577 1336 668 1374 scientia
684 1336 758 1374 divina
772 1337 915 1381 praevenerit,
931 1338 961 1374 ita

135 1411 190 1447 nihil
206 1410 234 1448 sit
248 1410 307 1454 boni,
324 1410 382 1454 quod
398 1409 420 1446 in
436 1412 532 1447 nostram
546 1408 737 1452 participationem
753 1419 797 1446 non
813 1409 858 1446 Deo
874 1412 960 1447 auctore

135 1482 254 1521 defluxerit.
267 1483 385 1525 Postremo,
397 1481 579 1527 quemadmodum
592 1481 700 1525 perhanc
713 1460 899 1525 praedicationem
912 1492 961 1525 pro-

135 1555 201 1599 positi
216 1554 262 1599 Dei,
278 1566 320 1599 quo
335 1554 409 1591 fideles
423 1554 476 1591 fiunt
491 1554 528 1598 qui
543 1553 693 1596 praeordinati
709 1557 758 1590 sunt
773 1553 800 1590 ad
814 1553 880 1591 vitam
895 1556 961 1591 aeter-

135 1638 192 1670 nam,
210 1637 272 1665 nemo
291 1637 365 1664 eorum
382 1627 418 1670 qui
436 1625 566 1663 cohortandi
585 1628 634 1664 sunt
651 1625 790 1669 impediatur,
808 1636 848 1662 nec
866 1626 961 1663 occasio-

135 1711 184 1737 nem
201 1700 344 1744 negligentiae
360 1698 459 1742 habeant,
475 1699 493 1735 si
510 1710 532 1736 se
547 1697 720 1741 praedestinatos
737 1709 783 1735 esse
799 1698 920 1741 desperent.
935 1697 961 1734 ll-

135 1773 172 1810 lud
186 1773 250 1810 etiam
265 1772 358 1817 qualiter
373 1771 473 1814 diluatur,
489 1781 623 1815 quaesumus,
637 1769 745 1813 patienter
760 1768 909 1813 insipientiam
925 1780 961 1807 no-

136 1848 201 1882 stram
214 1845 304 1881 terendo
318 1845 459 1887 demonstres,
472 1843 530 1887 quod
543 1842 664 1880 retractatis
677 1842 775 1885 priorum
789 1836 867 1879 dehac
880 1853 903 1879 re
916 1841 962 1885 opi-

136 1917 244 1961 nionibus,
257 1928 312 1961 pene
325 1916 421 1954 omnium
435 1927 475 1959 par
488 1914 598 1952 invenitur
612 1918 632 1952 et
644 1925 687 1951 una
701 1913 814 1956 sententia,
828 1924 870 1957 qua
883 1924 962 1957 propo-

136 1990 200 2026 situm
219 1993 239 2026 et
256 1988 477 2033 praedestinationem
496 1988 535 2024 Dei
554 1987 672 2024 secundum
691 1985 859 2029 praescientiam
876 1997 962 2029 recepe·

136 2065 195 2106 runt;
209 2065 232 2098 ut
245 2062 272 2099 ob
285 2062 326 2099 hoc
339 2062 396 2097 Deus
410 2061 463 2098 alios
478 2071 528 2096 vasa
542 2059 638 2102 honoris,
653 2058 706 2095 alios
721 2057 864 2096 contumeliae
879 2057 961 2099 iecerit,

136 2135 186 2178 quia
199 2134 263 2171 finem
277 2133 446 2177 uniuscuiusque
458 2131 597 2176 praeviderit,
612 2134 632 2168 et
646 2131 684 2168 sub
699 2130 746 2174 ipso
759 2130 840 2174 gratiae
853 2128 961 2167 adiutorio

136 2208 214 2250 inqua
230 2206 314 2243 futurus
330 2208 385 2243 esset
400 2206 510 2242 voluntate
524 2206 544 2240 et
560 2203 644 2241 actione
660 2202 788 2246 praescierit
796 2214 806 2238 »
814 2205 839 2239 Ἠ.

188 2278 320 2322 Augustinus
340 2269 422 2315 duobus
441 2277 504 2315 libris
523 2275 643 2320 respondit,
662 2275 728 2313 altero
747 2273 797 2312 «De
815 2273 962 2318 praedestina-

136 2352 195 2389 tione
209 2354 332 2389 sanctorum
341 2362 352 2386 »
361 2353 384 2391 7⁵³,
397 2351 464 2387 altero
478 2349 527 2385 «De
542 2348 598 2386 dono
612 2347 786 2391 perseverantiae
794 2358 805 2382 >>
813 2349 837 2383 ⁷⁹.
851 2345 876 2382 In
888 2346 962 2390 priore

137 2423 231 2461 ostendit
243 2423 314 2466 ipsum
326 2433 411 2467 quoque
423 2421 509 2458 initium
521 2420 572 2457 fidei
585 2420 665 2457 donum
677 2419 717 2455 Dei
728 2430 780 2462 esse,
793 2428 836 2455 non
849 2418 918 2456 solum
931 2417 962 2454 in-

186 2607 203 2628 77
217 2603 250 2635 ML
265 2603 294 2642 33,
310 2602 361 2635 1006.

186 2666 204 2688 ⁷⁸
216 2663 250 2695 ML
264 2663 292 2702 44,
305 2663 345 2696 959.

187 2727 204 2748 ⁷9
217 2724 250 2755 tlt
263 2723 291 2762 45,
305 2723 344 2756 993.
