1952 3093
105 274 123 309 ll.
137 274 185 307 Omni
198 276 265 314 peccato
279 274 352 306 mortar.

426 405 477 440 Doc.
495 404 615 440 Ecccasmn

160 535 294 573 Corsorum.
312 546 359 579 cap.
376 536 411 573 15:
433 536 559 572 «Adversus
577 535 641 572 etiam
658 535 771 571 hominum
788 534 931 578 quorumdam

107 608 186 644 callida
197 607 291 650 ingenia,
304 607 342 651 qui
355 618 394 650 per
408 608 481 644 dulces
494 617 604 644 sermones
617 610 637 644 et
649 606 813 644 henedictiones
827 606 933 643 seducunt

108 680 174 716 corda
190 679 341 716 innocentium
348 682 373 723 ⁸2,
389 680 529 716 asserendum
544 682 583 722 est,
600 689 644 716 non
662 678 727 716 modo
743 678 876 723 infidelitate,
894 689 933 721 per

107 762 171 795 quarn
184 755 204 788 et
213 751 261 794 ipsa
272 751 325 788 fides
337 751 449 795 amittitur,
461 752 499 789 sed
510 751 575 788 etiam
585 761 720 795 quocumque
732 751 775 787 alio
786 751 872 787 mortali
884 761 932 793 pec-

108 825 162 866 cato,
176 824 274 867 quamvis
288 834 332 860 non
346 824 456 860 amittatur
469 822 528 866 fides,
544 826 654 866 acceptam
668 822 829 859 iustificationis
841 822 932 866 gratiam

108 895 188 932 amitti:
206 894 292 932 divinae
304 895 358 938 legis
373 895 494 932 doctrinam
508 894 653 938 defendendo,
666 905 720 938 quae
733 905 745 931 a
757 903 823 937 regno
837 894 876 931 Dei
889 905 932 931 non

108 967 177 1003 solum
188 966 286 1004 infideles
297 967 398 1010 excludit,
410 966 448 1003 sed
457 969 479 1003 et
488 966 562 1003 fideles
573 977 657 1010 quoque
667 966 805 1008 fornicarios,
817 966 932 1008 adulteros,

108 1039 190 1082 molles,
205 1039 351 1075 masculorum
368 1038 525 1081 concubitores,
543 1038 608 1082 fures,
626 1048 708 1080 avaros,
725 1037 828 1080 ebriosos,
845 1037 933 1074 maledi-

109 1120 153 1154 cos,
165 1120 255 1153 rapaces
262 1114 288 1153 ⁸³,
300 1113 424 1154 ceterosque
436 1120 518 1153 ornnes,
530 1110 567 1153 qui
578 1110 651 1146 letalia
663 1110 801 1146 committunt
813 1112 908 1152 peccata,
923 1120 934 1145 a

109 1182 187 1225 quibus
205 1193 254 1218 cum
273 1182 360 1218 divinae
378 1181 459 1225 gratiae
476 1181 600 1218 adiumento
620 1181 728 1218 abstinere
747 1185 837 1224 possunt
855 1185 875 1218 et
894 1192 933 1224 pro

109 1255 187 1297 quibus
200 1265 211 1290 a
223 1253 304 1290 Christi
316 1253 384 1297 gratia
395 1257 541 1296 separantur»
550 1257 574 1290 ⁵4.
584 1276 611 1281 —
621 1253 671 1291 Can.
684 1253 719 1290 27:
735 1267 745 1289 «
755 1254 776 1290 Si
788 1253 836 1296 quis
850 1253 935 1292 dixerit,

110 1326 193 1362 nullum
203 1336 250 1362 esse
261 1326 351 1362 mortale
363 1328 475 1368 peccatum
487 1325 531 1362 nisi
542 1324 682 1368 infidelitatis,
695 1328 731 1362 aut
743 1325 802 1361 nullo
815 1326 856 1362 alio
869 1336 934 1369 quan-

111 1398 189 1433 tumvis
202 1398 263 1440 gravi
276 1400 296 1434 et
310 1398 393 1433 enormi
408 1400 558 1441 praeterquam
571 1397 705 1434 infidelitatis
719 1400 808 1440 peccato
823 1397 888 1434 semel
902 1408 935 1432 ar-

111 1472 195 1512 reptam
209 1470 300 1512 gratiam
314 1469 394 1506 amitti:
411 1468 434 1505 A.
448 1468 520 1506 S.»⁸⁵.

165 1540 219 1577 Sess.
233 1541 251 1583 7,
263 1541 294 1577 De
305 1540 422 1584 Baptismo
435 1551 481 1576 can.
493 1540 515 1577 6:
532 1540 574 1577 «Si
586 1541 634 1585 quis
647 1541 733 1583 dixerit,
745 1541 877 1583 baptizatum
891 1551 934 1577 non

110 1623 181 1655 posse,
194 1613 279 1649 etiamsi
292 1612 351 1655 vel-it,
364 1613 453 1656 gratiam
468 1613 572 1654 amittere,
586 1615 782 1656 quantumcumque
797 1616 878 1655 peccet,
892 1614 935 1648 nisi

112 1685 166 1720 nolit
177 1684 277 1721 credere:
292 1684 314 1722 A.
327 1684 346 1720 S.
356 1697 366 1719 »
374 1688 399 1720 8⁶.

444 1922 463 1959 S¹
479 1923 599 1960 Scurrruna

167 2067 186 2104 S.
197 2067 275 2104 Paulus
285 2068 348 2110 plura
360 2070 470 2103 enumerat
480 2071 575 2110 peccata,
587 2077 641 2111 quae
653 2078 665 2103 a
677 2076 742 2110 regno
754 2067 793 2103 Dei
806 2067 933 2103 excludunt:

115 2138 125 2174 1
143 2138 184 2176 Cor
200 2138 218 2183 6,
234 2138 245 2175 9
263 2139 308 2180 (cit.
323 2139 346 2174 in
363 2138 462 2176 Concilio
476 2138 624 2183 Tridentino);
642 2137 680 2176 Gal
696 2139 714 2181 5,
731 2138 800 2182 19-21;
817 2138 865 2182 Eph
880 2139 898 2181 5,
915 2139 936 2181 5;

113 2210 214 2246 similiter
225 2198 285 2252 Apo‘e
299 2209 331 2252 21,
346 2210 356 2246 8
375 2210 394 2251 l«
403 2220 454 2252 pars
468 2209 554 2246 illorum
569 2209 609 2246 erit
623 2210 645 2245 in
659 2212 734 2252 stagno
748 2210 834 2246 ardenti
846 2211 902 2253 igne,
917 2212 937 2246 et

116 2281 229 2325 sulphure:
244 2282 302 2325 quod
313 2285 345 2317 est
356 2292 415 2318 mors
428 2281 522 2317 secunda
531 2281 557 2322 a).

162 2439 179 2460 82
194 2436 242 2467 Rom
256 2437 283 2473 16,
296 2436 324 2467 18.

162 2499 179 2520 8³
193 2497 201 2526 1
216 2496 253 2527 Cor
266 2498 282 2530 6,
295 2497 304 2527 9
317 2506 331 2527 s.

162 2559 180 2581 84
193 2556 245 2587 Denz
258 2557 298 2588 808.
363 2565 366 2571 ’

162 2619 179 2640 85
192 2616 244 2647 Denz
257 2617 296 2648 837.

162 2679 180 2700 ⁸⁶
194 2677 245 2707 Denz
258 2677 298 2708 862.
