1952 3093
358 78 390 95 ·-
403 65 441 105 257
457 89 483 95 -

66 195 100 230 lac
117 192 134 234 i,
150 191 185 228 15:
205 190 338 227 «Peccatum
353 199 404 226 vero
421 199 469 226 cum
485 191 657 225 consummatum
674 188 739 225 tuerit
758 189 837 233 (perie-

14 274 76 307 rtum‚
89 263 186 307 perfecte
200 262 354 303 commissum),
370 263 457 303 generat
471 263 562 296 mortem
571 273 589 296 ».

382 512 463 549 Parnes

65 670 85 708 S.
100 669 253 706 Aruaulsrus:
271 668 397 712 «Quocirca
413 679 462 705 cum
477 667 556 712 aliquis
573 668 625 705 vitio
642 668 714 712 aliquo
729 679 741 705 a
756 668 838 711 Spiritu

17 742 125 785 deiecerit,
138 741 176 778 illa
187 740 276 785 quidem
289 741 359 783 gratia
372 740 430 784 apud
444 751 480 777 eos
494 740 531 784 qui
544 740 653 777 voluerint
666 740 839 778 irrevocabiliter

17 815 132 861 permanet,
150 813 169 850 si
186 812 250 850 modo
267 812 326 856 ipsos
344 816 458 857 postquam
475 812 602 856 ceciderint,
620 812 738 857 paeniteat;
756 823 839 849 verum·
884 803 886 810 ’

18 891 87 926 tamen
101 885 137 923 ille
150 885 187 929 qui
200 885 280 922 cecidit
294 895 338 921 non
351 885 445 928 amplius
459 884 482 920 in
496 884 541 921 Deo
554 887 592 928 est,
606 895 632 922 eo
646 885 705 929 quod
718 887 805 921 sanctus
820 888 840 920 et

18 958 137 1003 paracletus
150 956 250 1001 Spiritus,
263 957 300 1001 qui
314 957 336 993 in
348 956 392 994 Deo
406 959 444 999 est,
457 956 483 993 ah
496 956 545 1000 ipso
558 957 691 994 recesserit»
700 959 724 993 εἴ.

68 1042 88 1079 S.
103 1040 256 1084 Hiuaorvvuus,
272 1040 385 1083 explicans
401 1040 466 1077 verba
481 1041 575 1083 Ioannis,
591 1051 646 1084 quae
661 1039 771 1079 obiecerat
785 1041 839 1077 lovi-

18 1116 103 1152 nianus:
125 1112 267 1156 «Propterea,
285 1112 362 1156 inquit,
381 1112 453 1150 scribo
472 1112 540 1156 vobis,
556 1111 618 1150 filioli
635 1113 689 1150 mei:
711 1112 786 1150 Omnis
802 1116 840 1156 qui

19 1188 78 1223 uatus
90 1188 122 1222 est
134 1196 160 1222 eu
171 1185 217 1222 Deo
229 1195 273 1222 non
286 1187 368 1228 peccat,
380 1188 402 1221 ut
415 1194 459 1221 non
472 1185 574 1227 peccetis,
588 1187 608 1221 et
619 1184 702 1222 tamdiu
715 1184 790 1222 sciatis
802 1195 840 1221 vos

18 1258 40 1295 in
53 1256 191 1301 generatione
205 1255 294 1293 Domini
310 1266 443 1299 permanere,
459 1256 562 1300 quamdiu
576 1267 620 1294 non
636 1256 786 1300 peccaveritis.
801 1255 841 1293 Irn-

20 1340 52 1381 mo
66 1329 103 1374 qui
119 1327 142 1365 in
157 1328 296 1372 generatione
311 1328 399 1364 Domini
415 1331 560 1372 perseverant,
577 1339 668 1371 peccare
685 1339 728 1365 non
743 1331 840 1372 possunt,

20 1401 75 1444 Quae
93 1400 151 1438 enim
170 1400 338 1437 communicatio
356 1400 401 1437 luci
418 1403 439 1437 et
456 1400 566 1437 tenebris?
584 1400 670 1438 Christo
689 1403 709 1439 et
728 1399 841 1437 Belialiffi.

19 1473 128 1516 Quomodo
141 1472 187 1510 dies
200 1477 220 1510 et
231 1483 274 1510 nox
286 1472 373 1509 misceri
386 1476 501 1517 nequeunt,
512 1473 544 1509 sic
555 1483 595 1509 nec
605 1473 687 1510 iustitia
700 1476 720 1510 et
731 1473 842 1516 iniquitas,

21 1547 130 1588 peccatum
144 1547 165 1583 et
177 1544 235 1582 bona
248 1555 320 1588 opera,
335 1543 433 1583 Christus
447 1547 467 1581 et
479 1544 632 1582 Antichristus.
647 1544 669 1582 Si
683 1545 842 1588 susceperimus

21 1615 128 1654 Christum
143 1617 166 1654 in
181 1616 278 1660 hospitio
293 1616 362 1654 nostri
378 1617 480 1660 pectoris
496 1616 556 1654 illico
573 1617 671 1660 fugamus
689 1617 805 1655 diabolum.
820 1616 842 1654 Si

21 1688 187 1732 peccaverimus,
198 1691 219 1726 et
230 1699 270 1732 per
282 1688 367 1732 peccati
378 1688 465 1725 ianuam
477 1689 586 1730 ingressus
599 1687 664 1726 fuerit
677 1688 781 1731 diabolus,
794 1700 842 1732 pro-

22 1760 77 1797 tinus
90 1760 188 1798 Christus
201 1760 306 1798 recedet»
315 1763 339 1796 8⁹.

38 1851 39 1855 ’
72 1843 91 1882 S.
108 1843 261 1882 Auousrmos:
281 1844 322 1881 «Si
339 1848 409 1881 autern
426 1845 469 1881 iam
486 1848 623 1888 regeneratus
638 1849 660 1882 et
677 1844 804 1882 iustificatus
819 1846 841 1881 in

22 1916 97 1953 malam
109 1916 176 1953 vitam
190 1926 228 1953 sua
241 1916 351 1953 voluntate
364 1916 474 1959 relabitur,
489 1919 546 1954 certe
560 1916 600 1954 iste
615 1927 659 1953 non
671 1919 742 1960 potest
756 1916 839 1954 dicere:

22 1985 66 2024 Non
79 1986 160 2032 accepi,
172 1988 223 2033 quia
235 1990 347 2030 acceptam
359 1988 450 2030 gratiam
461 1988 499 2025 Dei
513 1999 551 2024 suo
564 1988 586 2024 in
597 1988 677 2026 malum
689 1988 759 2025 libero
770 1988 844 2026 amisit

22 2057 110 2097 arbitrio
119 2071 129 2096 >>
137 2062 163 2097 ⁹⁰,

22 2169 161 2179 ——--...--.-...-

68 2253 84 2276 ss‘l
98 2251 145 2283 Adv.
156 2251 239 2284 Arianos
250 2261 277 2284 or.
288 2252 304 2290 3,
314 2252 346 2288 24:
358 2252 393 2286 Mo
402 2252 430 2291 26,
440 2252 484 2289 373:
497 2252 561 2284 tillo.

69 2313 86 2337 ⁸⁸
100 2313 110 2345 2
122 2313 160 2345 Cor
171 2313 187 2352 6,
199 2313 227 2345 14.

68 2375 86 2398 ⁸⁹
99 2373 196 2406 Adversus
209 2374 336 2407 Iovinianum
347 2374 381 2407 lib.
394 2374 404 2406 2
416 2384 445 2407 nr.
459 2374 478 2413 2;
492 2375 525 2407 ML
537 2375 565 2414 23,
578 2375 618 2408 283.

68 2436 86 2458 Μ
98 2434 126 2466 De
137 2435 260 2472 correptione
271 2437 290 2466 et
302 2435 365 2472 gratia
377 2435 393 2473 6,
405 2435 425 2473 9;
438 2434 471 2467 ML
483 2435 512 2472 44,
523 2435 566 2472 921;
579 2435 596 2468 R
606 2435 658 2468 1944.

73 2862 166 2895 ornnem.
179 2881 201 2885 —
214 2863 241 2895 De
254 2863 322 2897 Gratia
335 2863 462 2901 Redemptori
474 2889 477 2895 .
