<?xml version="1.0" encoding="UTF-8"?>
<!DOCTYPE html PUBLIC "-//W3C//DTD XHTML 1.0 Transitional//EN"
    "http://www.w3.org/TR/xhtml1/DTD/xhtml1-transitional.dtd">
<html xmlns="http://www.w3.org/1999/xhtml" xml:lang="en" lang="en">
 <head>
  <title>
</title>
<meta http-equiv="Content-Type" content="text/html;charset=utf-8" />
  <meta name='ocr-system' content='tesseract 3.04.00' />
  <meta name='ocr-capabilities' content='ocr_page ocr_carea ocr_par ocr_line ocrx_word'/>
</head>
<body>
  <div class='ocr_page' id='page_1' title='image "./MN41638ucmf_6_0073.png"; bbox 0 0 1952 3093; ppageno 0'>
   <div class='ocr_carea' id='block_1_1' title="bbox 409 40 518 78">
    <p class='ocr_par' dir='ltr' id='par_1_1' title="bbox 409 40 518 78">
     <span class='ocr_line' id='line_1_1' title="bbox 409 40 518 78; baseline 0 -10"><span class='ocrx_word' id='word_1_1' title='bbox 409 40 518 78; x_wconf 60' lang='lat'>-53-</span> 
     </span>
    </p>
   </div>
   <div class='ocr_carea' id='block_1_2' title="bbox 53 162 888 2305">
    <p class='ocr_par' dir='ltr' id='par_1_2' title="bbox 53 162 883 636">
     <span class='ocr_line' id='line_1_2' title="bbox 55 162 882 208; baseline -0.001 -8"><span class='ocrx_word' id='word_1_2' title='bbox 55 164 90 200; x_wconf 81' lang='lat' dir='ltr'>illa</span> <span class='ocrx_word' id='word_1_3' title='bbox 104 163 161 200; x_wconf 87' lang='lat' dir='ltr'>dona</span> <span class='ocrx_word' id='word_1_4' title='bbox 175 163 259 206; x_wconf 82' lang='lat' dir='ltr'>primae</span> <span class='ocrx_word' id='word_1_5' title='bbox 273 164 390 201; x_wconf 81' lang='lat' dir='ltr'>creationis</span> <span class='ocrx_word' id='word_1_6' title='bbox 405 164 486 201; x_wconf 86' lang='lat' dir='ltr'>fuerint</span> <span class='ocrx_word' id='word_1_7' title='bbox 499 163 644 208; x_wconf 76' lang='lat' dir='ltr'>proprietates</span> <span class='ocrx_word' id='word_1_8' title='bbox 658 164 767 200; x_wconf 84' lang='lat' dir='ltr'>naturales</span> <span class='ocrx_word' id='word_1_9' title='bbox 780 162 882 204; x_wconf 88' lang='lat' dir='ltr'>hominis,</span> 
     </span>
     <span class='ocr_line' id='line_1_3' title="bbox 54 233 883 281; baseline -0.002 -8"><span class='ocrx_word' id='word_1_10' title='bbox 54 246 109 280; x_wconf 79' lang='lat' dir='ltr'>quae</span> <span class='ocrx_word' id='word_1_11' title='bbox 123 246 149 272; x_wconf 82' lang='lat' dir='ltr'>ex</span> <span class='ocrx_word' id='word_1_12' title='bbox 163 235 281 279; x_wconf 81' lang='lat' dir='ltr'>principiis</span> <span class='ocrx_word' id='word_1_13' title='bbox 296 236 389 273; x_wconf 85' lang='lat' dir='ltr'>internis</span> <span class='ocrx_word' id='word_1_14' title='bbox 404 236 550 274; x_wconf 78' lang='lat' dir='ltr'>constitutivis</span> <span class='ocrx_word' id='word_1_15' title='bbox 563 236 633 281; x_wconf 87' lang='lat' dir='ltr'>ipsius</span> <span class='ocrx_word' id='word_1_16' title='bbox 646 239 736 274; x_wconf 87' lang='lat' dir='ltr'>naturae</span> <span class='ocrx_word' id='word_1_17' title='bbox 750 233 883 279; x_wconf 89' lang='lat' dir='ltr'>emanarint;</span> 
     </span>
     <span class='ocr_line' id='line_1_4' title="bbox 56 308 882 353; baseline -0.001 -8"><span class='ocrx_word' id='word_1_18' title='bbox 56 308 94 345; x_wconf 88' lang='lat' dir='ltr'>sed</span> <span class='ocrx_word' id='word_1_19' title='bbox 104 310 181 346; x_wconf 89' lang='lat' dir='ltr'>natura</span> <span class='ocrx_word' id='word_1_20' title='bbox 191 308 285 346; x_wconf 89' lang='lat' dir='ltr'>humana</span> <span class='ocrx_word' id='word_1_21' title='bbox 297 309 354 346; x_wconf 84' lang='lat' dir='ltr'>dona</span> <span class='ocrx_word' id='word_1_22' title='bbox 365 309 401 346; x_wconf 91' lang='lat' dir='ltr'>illa</span> <span class='ocrx_word' id='word_1_23' title='bbox 413 308 522 353; x_wconf 82' lang='lat' dir='ltr'>exigebat:</span> <span class='ocrx_word' id='word_1_24' title='bbox 536 309 640 346; x_wconf 88' lang='lat' dir='ltr'>naturalis</span> <span class='ocrx_word' id='word_1_25' title='bbox 651 309 767 347; x_wconf 86' lang='lat' dir='ltr'>destinatio</span> <span class='ocrx_word' id='word_1_26' title='bbox 778 308 805 346; x_wconf 89' lang='lat' dir='ltr'>ad</span> <span class='ocrx_word' id='word_1_27' title='bbox 816 308 882 345; x_wconf 89' lang='lat' dir='ltr'>vitam</span> 
     </span>
     <span class='ocr_line' id='line_1_5' title="bbox 55 373 881 425; baseline -0.001 -7"><span class='ocrx_word' id='word_1_28' title='bbox 55 380 157 418; x_wconf 75' lang='lat' dir='ltr'>moralem</span> <span class='ocrx_word' id='word_1_29' title='bbox 173 383 194 417; x_wconf 85' lang='lat' dir='ltr'>et</span> <span class='ocrx_word' id='word_1_30' title='bbox 210 380 339 425; x_wconf 73' lang='lat' dir='ltr'>religiosam,</span> <span class='ocrx_word' id='word_1_31' title='bbox 357 381 384 418; x_wconf 90' lang='lat' dir='ltr'>ad</span> <span class='ocrx_word' id='word_1_32' title='bbox 401 373 519 425; x_wconf 85' lang='lat' dir='ltr'>perfectam</span> <span class='ocrx_word' id='word_1_33' title='bbox 534 382 637 419; x_wconf 91' lang='lat' dir='ltr'>unionem</span> <span class='ocrx_word' id='word_1_34' title='bbox 654 391 703 418; x_wconf 91' lang='lat' dir='ltr'>cum</span> <span class='ocrx_word' id='word_1_35' title='bbox 719 381 770 425; x_wconf 87' lang='lat' dir='ltr'>Deo,</span> <span class='ocrx_word' id='word_1_36' title='bbox 787 381 881 424; x_wconf 88' lang='lat' dir='ltr'>postula-</span> 
     </span>
     <span class='ocr_line' id='line_1_6' title="bbox 53 452 880 497; baseline 0 -7"><span class='ocrx_word' id='word_1_37' title='bbox 53 454 89 490; x_wconf 90' lang='lat' dir='ltr'>bat</span> <span class='ocrx_word' id='word_1_38' title='bbox 104 453 140 490; x_wconf 84' lang='lat' dir='ltr'>illa</span> <span class='ocrx_word' id='word_1_39' title='bbox 155 453 219 490; x_wconf 91' lang='lat' dir='ltr'>dona.</span> <span class='ocrx_word' id='word_1_40' title='bbox 232 452 328 497; x_wconf 81' lang='lat' dir='ltr'>Negabat</span> <span class='ocrx_word' id='word_1_41' title='bbox 342 463 391 497; x_wconf 80' lang='lat' dir='ltr'>ergo</span> <span class='ocrx_word' id='word_1_42' title='bbox 406 453 542 491; x_wconf 87' lang='lat' dir='ltr'>Baianismus</span> <span class='ocrx_word' id='word_1_43' title='bbox 557 454 724 497; x_wconf 83' lang='lat' dir='ltr'>possibilitatem</span> <span class='ocrx_word' id='word_1_44' title='bbox 739 457 806 491; x_wconf 87' lang='lat' dir='ltr'>status</span> <span class='ocrx_word' id='word_1_45' title='bbox 820 456 880 491; x_wconf 88' lang='lat' dir='ltr'>natu-</span> 
     </span>
     <span class='ocr_line' id='line_1_7' title="bbox 56 526 883 570; baseline 0 -8"><span class='ocrx_word' id='word_1_46' title='bbox 56 537 92 563; x_wconf 86' lang='lat' dir='ltr'>rae</span> <span class='ocrx_word' id='word_1_47' title='bbox 106 536 182 570; x_wconf 85' lang='lat' dir='ltr'>purae;</span> <span class='ocrx_word' id='word_1_48' title='bbox 196 526 277 564; x_wconf 91' lang='lat' dir='ltr'>bonum</span> <span class='ocrx_word' id='word_1_49' title='bbox 291 526 406 564; x_wconf 88' lang='lat' dir='ltr'>honestum</span> <span class='ocrx_word' id='word_1_50' title='bbox 421 538 479 564; x_wconf 91' lang='lat' dir='ltr'>mere</span> <span class='ocrx_word' id='word_1_51' title='bbox 494 527 597 568; x_wconf 84' lang='lat' dir='ltr'>naturale,</span> <span class='ocrx_word' id='word_1_52' title='bbox 613 527 689 570; x_wconf 87' lang='lat' dir='ltr'>religio</span> <span class='ocrx_word' id='word_1_53' title='bbox 705 538 762 564; x_wconf 88' lang='lat' dir='ltr'>mere</span> <span class='ocrx_word' id='word_1_54' title='bbox 778 526 883 564; x_wconf 82' lang='lat' dir='ltr'>naturalis</span> 
     </span>
     <span class='ocr_line' id='line_1_8' title="bbox 55 597 509 636; baseline 0 -2"><span class='ocrx_word' id='word_1_55' title='bbox 55 598 77 634; x_wconf 90' lang='lat' dir='ltr'>in</span> <span class='ocrx_word' id='word_1_56' title='bbox 92 597 192 635; x_wconf 85' lang='lat' dir='ltr'>doctrina</span> <span class='ocrx_word' id='word_1_57' title='bbox 203 597 251 636; x_wconf 89' lang='lat' dir='ltr'>Bali</span> <span class='ocrx_word' id='word_1_58' title='bbox 263 598 337 636; x_wconf 88' lang='lat' dir='ltr'>locum</span> <span class='ocrx_word' id='word_1_59' title='bbox 349 609 393 636; x_wconf 89' lang='lat' dir='ltr'>non</span> <span class='ocrx_word' id='word_1_60' title='bbox 406 598 509 636; x_wconf 62' lang='lat' dir='ltr'>habente.</span> 
     </span>
    </p>

    <p class='ocr_par' dir='ltr' id='par_1_3' title="bbox 57 670 885 1365">
     <span class='ocr_line' id='line_1_9' title="bbox 110 670 883 715; baseline 0.001 -9"><span class='ocrx_word' id='word_1_61' title='bbox 110 670 160 708; x_wconf 81' lang='lat' dir='ltr'>Post</span> <span class='ocrx_word' id='word_1_62' title='bbox 179 674 293 715; x_wconf 89' lang='lat' dir='ltr'>peccatum</span> <span class='ocrx_word' id='word_1_63' title='bbox 312 672 371 709; x_wconf 89' lang='lat' dir='ltr'>Adae</span> <span class='ocrx_word' id='word_1_64' title='bbox 391 672 456 709; x_wconf 91' lang='lat' dir='ltr'>homo</span> <span class='ocrx_word' id='word_1_65' title='bbox 474 672 539 714; x_wconf 86' lang='lat' dir='ltr'>plane</span> <span class='ocrx_word' id='word_1_66' title='bbox 558 672 650 715; x_wconf 85' lang='lat' dir='ltr'>incapax</span> <span class='ocrx_word' id='word_1_67' title='bbox 672 676 703 709; x_wconf 89' lang='lat' dir='ltr'>est</span> <span class='ocrx_word' id='word_1_68' title='bbox 722 672 775 709; x_wconf 92' lang='lat' dir='ltr'>boni</span> <span class='ocrx_word' id='word_1_69' title='bbox 795 671 883 709; x_wconf 87' lang='lat' dir='ltr'>moralis</span> 
     </span>
     <span class='ocr_line' id='line_1_10' title="bbox 59 742 884 796; baseline 0 -17"><span class='ocrx_word' id='word_1_70' title='bbox 59 743 131 796; x_wconf 73' lang='lat' dir='ltr'>(prop.</span> <span class='ocrx_word' id='word_1_71' title='bbox 142 742 174 787; x_wconf 90' lang='lat'>27,</span> <span class='ocrx_word' id='word_1_72' title='bbox 185 743 217 787; x_wconf 89' lang='lat'>28,</span> <span class='ocrx_word' id='word_1_73' title='bbox 229 743 260 787; x_wconf 85' lang='lat'>30,</span> <span class='ocrx_word' id='word_1_74' title='bbox 271 743 303 787; x_wconf 88' lang='lat'>35,</span> <span class='ocrx_word' id='word_1_75' title='bbox 313 744 345 789; x_wconf 91' lang='lat'>37,</span> <span class='ocrx_word' id='word_1_76' title='bbox 355 743 396 785; x_wconf 72' lang='lat'>40).</span> <span class='ocrx_word' id='word_1_77' title='bbox 407 743 473 782; x_wconf 93' lang='lat' dir='ltr'>Amor</span> <span class='ocrx_word' id='word_1_78' title='bbox 484 744 589 782; x_wconf 87' lang='lat' dir='ltr'>naturalis</span> <span class='ocrx_word' id='word_1_79' title='bbox 600 755 643 782; x_wconf 89' lang='lat' dir='ltr'>non</span> <span class='ocrx_word' id='word_1_80' title='bbox 654 744 745 781; x_wconf 85' lang='lat' dir='ltr'>habetur</span> <span class='ocrx_word' id='word_1_81' title='bbox 760 744 831 787; x_wconf 86' lang='lat' dir='ltr'>(prop.</span> <span class='ocrx_word' id='word_1_82' title='bbox 843 742 884 785; x_wconf 78' lang='lat'>36).</span> 
     </span>
     <span class='ocr_line' id='line_1_11' title="bbox 57 815 884 860; baseline 0.001 -8"><span class='ocrx_word' id='word_1_83' title='bbox 57 815 97 852; x_wconf 73' lang='lat' dir='ltr'>Aut</span> <span class='ocrx_word' id='word_1_84' title='bbox 112 826 166 859; x_wconf 91' lang='lat' dir='ltr'>opus</span> <span class='ocrx_word' id='word_1_85' title='bbox 181 819 213 853; x_wconf 88' lang='lat' dir='ltr'>est</span> <span class='ocrx_word' id='word_1_86' title='bbox 227 816 319 853; x_wconf 89' lang='lat' dir='ltr'>salutare</span> <span class='ocrx_word' id='word_1_87' title='bbox 333 820 369 854; x_wconf 88' lang='lat' dir='ltr'>aut</span> <span class='ocrx_word' id='word_1_88' title='bbox 382 819 495 860; x_wconf 89' lang='lat' dir='ltr'>peccatum</span> <span class='ocrx_word' id='word_1_89' title='bbox 503 822 517 854; x_wconf 53' lang='lat' dir='ltr'>a.</span> <span class='ocrx_word' id='word_1_90' title='bbox 533 816 600 853; x_wconf 92' lang='lat' dir='ltr'>Hinc:</span> <span class='ocrx_word' id='word_1_91' title='bbox 619 816 716 854; x_wconf 86' lang='lat' dir='ltr'>«Omnia</span> <span class='ocrx_word' id='word_1_92' title='bbox 729 826 796 860; x_wconf 89' lang='lat' dir='ltr'>opera</span> <span class='ocrx_word' id='word_1_93' title='bbox 809 815 884 853; x_wconf 89' lang='lat' dir='ltr'>infide-</span> 
     </span>
     <span class='ocr_line' id='line_1_12' title="bbox 58 888 885 933; baseline 0 -9"><span class='ocrx_word' id='word_1_94' title='bbox 58 888 110 925; x_wconf 91' lang='lat' dir='ltr'>lium</span> <span class='ocrx_word' id='word_1_95' title='bbox 124 890 174 925; x_wconf 89' lang='lat' dir='ltr'>sunt</span> <span class='ocrx_word' id='word_1_96' title='bbox 186 891 294 931; x_wconf 89' lang='lat' dir='ltr'>peccata»</span> <span class='ocrx_word' id='word_1_97' title='bbox 312 889 383 932; x_wconf 92' lang='lat' dir='ltr'>(prop.</span> <span class='ocrx_word' id='word_1_98' title='bbox 397 888 432 933; x_wconf 88' lang='lat'>25;</span> <span class='ocrx_word' id='word_1_99' title='bbox 447 889 475 926; x_wconf 87' lang='lat' dir='ltr'>ci.</span> <span class='ocrx_word' id='word_1_100' title='bbox 488 899 550 932; x_wconf 91' lang='lat' dir='ltr'>prop.</span> <span class='ocrx_word' id='word_1_101' title='bbox 565 888 605 930; x_wconf 87' lang='lat'>62).</span> <span class='ocrx_word' id='word_1_102' title='bbox 620 888 715 926; x_wconf 89' lang='lat' dir='ltr'>«Omnis</span> <span class='ocrx_word' id='word_1_103' title='bbox 730 899 790 926; x_wconf 88' lang='lat' dir='ltr'>amor</span> <span class='ocrx_word' id='word_1_104' title='bbox 803 891 885 925; x_wconf 91' lang='lat' dir='ltr'>creatu-</span> 
     </span>
     <span class='ocr_line' id='line_1_13' title="bbox 58 960 884 1005; baseline 0.001 -9"><span class='ocrx_word' id='word_1_105' title='bbox 58 971 94 997; x_wconf 87' lang='lat' dir='ltr'>rae</span> <span class='ocrx_word' id='word_1_106' title='bbox 104 960 216 998; x_wconf 86' lang='lat' dir='ltr'>rationalis</span> <span class='ocrx_word' id='word_1_107' title='bbox 227 964 263 997; x_wconf 85' lang='lat' dir='ltr'>aut</span> <span class='ocrx_word' id='word_1_108' title='bbox 274 961 353 999; x_wconf 82' lang='lat' dir='ltr'>vitiosa</span> <span class='ocrx_word' id='word_1_109' title='bbox 364 965 396 998; x_wconf 87' lang='lat' dir='ltr'>est</span> <span class='ocrx_word' id='word_1_110' title='bbox 407 960 575 1005; x_wconf 59' lang='lat' dir='ltr'>cupiditasque</span> <span class='ocrx_word' id='word_1_111' title='bbox 585 961 679 998; x_wconf 90' lang='lat' dir='ltr'>muudus</span> <span class='ocrx_word' id='word_1_112' title='bbox 692 960 795 1004; x_wconf 85' lang='lat' dir='ltr'>diligitur,</span> <span class='ocrx_word' id='word_1_113' title='bbox 807 969 884 1005; x_wconf 81' lang='lat' dir='ltr'>quaea</span> 
     </span>
     <span class='ocr_line' id='line_1_14' title="bbox 57 1031 885 1077; baseline -0.001 -8"><span class='ocrx_word' id='word_1_114' title='bbox 57 1032 138 1070; x_wconf 91' lang='lat' dir='ltr'>loanne</span> <span class='ocrx_word' id='word_1_115' title='bbox 147 1032 282 1077; x_wconf 86' lang='lat' dir='ltr'>prohibetur,</span> <span class='ocrx_word' id='word_1_116' title='bbox 294 1037 330 1070; x_wconf 89' lang='lat' dir='ltr'>aut</span> <span class='ocrx_word' id='word_1_117' title='bbox 340 1033 457 1070; x_wconf 88' lang='lat' dir='ltr'>laudabilis</span> <span class='ocrx_word' id='word_1_118' title='bbox 469 1033 506 1070; x_wconf 92' lang='lat' dir='ltr'>illa</span> <span class='ocrx_word' id='word_1_119' title='bbox 517 1033 602 1076; x_wconf 72' lang='lat' dir='ltr'>caritas</span> <span class='ocrx_word' id='word_1_120' title='bbox 614 1044 656 1077; x_wconf 85' lang='lat' dir='ltr'>qua</span> <span class='ocrx_word' id='word_1_121' title='bbox 668 1044 707 1076; x_wconf 91' lang='lat' dir='ltr'>per</span> <span class='ocrx_word' id='word_1_122' title='bbox 719 1032 823 1075; x_wconf 91' lang='lat' dir='ltr'>Spiritum</span> <span class='ocrx_word' id='word_1_123' title='bbox 834 1031 885 1070; x_wconf 87' lang='lat' dir='ltr'>San-</span> 
     </span>
     <span class='ocr_line' id='line_1_15' title="bbox 59 1104 885 1149; baseline -0.001 -7"><span class='ocrx_word' id='word_1_124' title='bbox 59 1108 116 1142; x_wconf 82' lang='lat' dir='ltr'>ctum</span> <span class='ocrx_word' id='word_1_125' title='bbox 130 1105 153 1142; x_wconf 92' lang='lat' dir='ltr'>in</span> <span class='ocrx_word' id='word_1_126' title='bbox 167 1105 233 1143; x_wconf 88' lang='lat' dir='ltr'>corde</span> <span class='ocrx_word' id='word_1_127' title='bbox 248 1104 327 1143; x_wconf 87' lang='lat' dir='ltr'>diffusa</span> <span class='ocrx_word' id='word_1_128' title='bbox 339 1106 397 1142; x_wconf 90' lang='lat' dir='ltr'>Deus</span> <span class='ocrx_word' id='word_1_129' title='bbox 412 1108 495 1142; x_wconf 87' lang='lat' dir='ltr'>amatur</span> <span class='ocrx_word' id='word_1_130' title='bbox 503 1119 513 1141; x_wconf 86' lang='lat'><strong><em>»</em></strong></span> <span class='ocrx_word' id='word_1_131' title='bbox 531 1105 602 1149; x_wconf 87' lang='lat' dir='ltr'>(prop.</span> <span class='ocrx_word' id='word_1_132' title='bbox 617 1104 660 1148; x_wconf 84' lang='lat'>38&gt;;</span> <span class='ocrx_word' id='word_1_133' title='bbox 675 1105 727 1141; x_wconf 90' lang='lat' dir='ltr'>hinc</span> <span class='ocrx_word' id='word_1_134' title='bbox 742 1104 814 1142; x_wconf 81' lang='lat' dir='ltr'>«Cum</span> <span class='ocrx_word' id='word_1_135' title='bbox 827 1105 885 1141; x_wconf 91' lang='lat' dir='ltr'>Pela-</span> 
     </span>
     <span class='ocr_line' id='line_1_16' title="bbox 58 1175 884 1223; baseline -0.001 -9"><span class='ocrx_word' id='word_1_136' title='bbox 58 1177 93 1221; x_wconf 86' lang='lat' dir='ltr'>gio</span> <span class='ocrx_word' id='word_1_137' title='bbox 103 1178 205 1222; x_wconf 84' lang='lat' dir='ltr'>sentiunt,</span> <span class='ocrx_word' id='word_1_138' title='bbox 215 1178 252 1223; x_wconf 83' lang='lat' dir='ltr'>qui</span> <span class='ocrx_word' id='word_1_139' title='bbox 262 1180 342 1215; x_wconf 87' lang='lat' dir='ltr'>textum</span> <span class='ocrx_word' id='word_1_140' title='bbox 354 1177 451 1221; x_wconf 86' lang='lat' dir='ltr'>Apostoli</span> <span class='ocrx_word' id='word_1_141' title='bbox 460 1177 488 1215; x_wconf 83' lang='lat' dir='ltr'>ad</span> <span class='ocrx_word' id='word_1_142' title='bbox 496 1177 604 1215; x_wconf 88' lang='lat' dir='ltr'>Romanos</span> <span class='ocrx_word' id='word_1_143' title='bbox 614 1177 645 1214; x_wconf 86' lang='lat' dir='ltr'>Il:</span> <span class='ocrx_word' id='word_1_144' title='bbox 659 1175 742 1219; x_wconf 87' lang='lat' dir='ltr'>Gentes,</span> <span class='ocrx_word' id='word_1_145' title='bbox 753 1187 807 1222; x_wconf 87' lang='lat' dir='ltr'>quae</span> <span class='ocrx_word' id='word_1_146' title='bbox 816 1177 884 1220; x_wconf 82' lang='lat' dir='ltr'>legem</span> 
     </span>
     <span class='ocr_line' id='line_1_17' title="bbox 59 1245 885 1294; baseline 0 -9"><span class='ocrx_word' id='word_1_147' title='bbox 59 1260 102 1287; x_wconf 90' lang='lat' dir='ltr'>non</span> <span class='ocrx_word' id='word_1_148' title='bbox 118 1250 204 1293; x_wconf 89' lang='lat' dir='ltr'>habent,</span> <span class='ocrx_word' id='word_1_149' title='bbox 220 1250 347 1287; x_wconf 85' lang='lat' dir='ltr'>naturaliter</span> <span class='ocrx_word' id='word_1_150' title='bbox 363 1261 393 1293; x_wconf 85' lang='lat' dir='ltr'>ea,</span> <span class='ocrx_word' id='word_1_151' title='bbox 407 1260 461 1294; x_wconf 86' lang='lat' dir='ltr'>quae</span> <span class='ocrx_word' id='word_1_152' title='bbox 475 1249 528 1293; x_wconf 86' lang='lat' dir='ltr'>legis</span> <span class='ocrx_word' id='word_1_153' title='bbox 543 1252 598 1294; x_wconf 91' lang='lat' dir='ltr'>sunt,</span> <span class='ocrx_word' id='word_1_154' title='bbox 614 1245 704 1294; x_wconf 80' lang='lat' dir='ltr'>iaciunt,</span> <span class='ocrx_word' id='word_1_155' title='bbox 720 1248 844 1292; x_wconf 81' lang='lat' dir='ltr'>intelligunt</span> <span class='ocrx_word' id='word_1_156' title='bbox 860 1249 885 1286; x_wconf 92' lang='lat' dir='ltr'>de</span> 
     </span>
     <span class='ocr_line' id='line_1_18' title="bbox 59 1320 680 1365; baseline -0.002 -6"><span class='ocrx_word' id='word_1_157' title='bbox 59 1322 157 1364; x_wconf 79' lang='lat' dir='ltr'>gentibus</span> <span class='ocrx_word' id='word_1_158' title='bbox 169 1321 220 1359; x_wconf 89' lang='lat' dir='ltr'>fidei</span> <span class='ocrx_word' id='word_1_159' title='bbox 232 1322 323 1365; x_wconf 88' lang='lat' dir='ltr'>gratiam</span> <span class='ocrx_word' id='word_1_160' title='bbox 335 1322 379 1358; x_wconf 88' lang='lat' dir='ltr'>nou</span> <span class='ocrx_word' id='word_1_161' title='bbox 391 1321 540 1359; x_wconf 82' lang='lat' dir='ltr'>habentibus»</span> <span class='ocrx_word' id='word_1_162' title='bbox 557 1322 628 1365; x_wconf 90' lang='lat' dir='ltr'>(prop.</span> <span class='ocrx_word' id='word_1_163' title='bbox 639 1320 680 1364; x_wconf 76' lang='lat'>22).</span> 
     </span>
    </p>

    <p class='ocr_par' dir='ltr' id='par_1_4' title="bbox 58 1393 887 2015">
     <span class='ocr_line' id='line_1_19' title="bbox 112 1393 886 1438; baseline 0 -8"><span class='ocrx_word' id='word_1_164' title='bbox 112 1394 144 1431; x_wconf 89' lang='lat' dir='ltr'>lta</span> <span class='ocrx_word' id='word_1_165' title='bbox 157 1395 183 1432; x_wconf 90' lang='lat' dir='ltr'>de</span> <span class='ocrx_word' id='word_1_166' title='bbox 196 1394 254 1431; x_wconf 88' lang='lat' dir='ltr'>iacto</span> <span class='ocrx_word' id='word_1_167' title='bbox 269 1394 357 1431; x_wconf 87' lang='lat' dir='ltr'>moralis</span> <span class='ocrx_word' id='word_1_168' title='bbox 370 1394 459 1431; x_wconf 86' lang='lat' dir='ltr'>libertas</span> <span class='ocrx_word' id='word_1_169' title='bbox 473 1394 591 1431; x_wconf 79' lang='lat' dir='ltr'>voluntatis</span> <span class='ocrx_word' id='word_1_170' title='bbox 605 1393 710 1431; x_wconf 88' lang='lat' dir='ltr'>naturalis</span> <span class='ocrx_word' id='word_1_171' title='bbox 724 1396 823 1438; x_wconf 62' lang='lat' dir='ltr'>negatum</span> <span class='ocrx_word' id='word_1_172' title='bbox 839 1394 886 1430; x_wconf 92' lang='lat' dir='ltr'>sine</span> 
     </span>
     <span class='ocr_line' id='line_1_20' title="bbox 59 1465 887 1510; baseline -0.001 -8"><span class='ocrx_word' id='word_1_173' title='bbox 59 1467 128 1510; x_wconf 78' lang='lat' dir='ltr'>gratia</span> <span class='ocrx_word' id='word_1_174' title='bbox 135 1467 201 1504; x_wconf 91' lang='lat' dir='ltr'>bomo</span> <span class='ocrx_word' id='word_1_175' title='bbox 211 1467 333 1504; x_wconf 86' lang='lat' dir='ltr'>necessario</span> <span class='ocrx_word' id='word_1_176' title='bbox 343 1469 425 1510; x_wconf 87' lang='lat' dir='ltr'>peccat.</span> <span class='ocrx_word' id='word_1_177' title='bbox 435 1466 464 1504; x_wconf 90' lang='lat' dir='ltr'>Ut</span> <span class='ocrx_word' id='word_1_178' title='bbox 474 1469 534 1503; x_wconf 90' lang='lat' dir='ltr'>actus</span> <span class='ocrx_word' id='word_1_179' title='bbox 546 1466 573 1502; x_wconf 86' lang='lat' dir='ltr'>sit</span> <span class='ocrx_word' id='word_1_180' title='bbox 582 1469 701 1509; x_wconf 86' lang='lat' dir='ltr'>peccatum,</span> <span class='ocrx_word' id='word_1_181' title='bbox 712 1476 756 1503; x_wconf 93' lang='lat' dir='ltr'>non</span> <span class='ocrx_word' id='word_1_182' title='bbox 768 1465 887 1509; x_wconf 86' lang='lat' dir='ltr'>requiritur</span> 
     </span>
     <span class='ocr_line' id='line_1_21' title="bbox 58 1537 885 1583; baseline 0 -9"><span class='ocrx_word' id='word_1_183' title='bbox 58 1538 147 1576; x_wconf 88' lang='lat' dir='ltr'>libertas</span> <span class='ocrx_word' id='word_1_184' title='bbox 157 1549 169 1575; x_wconf 88' lang='lat' dir='ltr'>a</span> <span class='ocrx_word' id='word_1_185' title='bbox 178 1538 315 1583; x_wconf 89' lang='lat' dir='ltr'>necessitate;</span> <span class='ocrx_word' id='word_1_186' title='bbox 326 1538 371 1576; x_wconf 92' lang='lat' dir='ltr'>sola</span> <span class='ocrx_word' id='word_1_187' title='bbox 380 1538 483 1575; x_wconf 86' lang='lat' dir='ltr'>violentia</span> <span class='ocrx_word' id='word_1_188' title='bbox 493 1541 598 1581; x_wconf 89' lang='lat' dir='ltr'>repugnat</span> <span class='ocrx_word' id='word_1_189' title='bbox 608 1537 701 1575; x_wconf 87' lang='lat' dir='ltr'>naturali</span> <span class='ocrx_word' id='word_1_190' title='bbox 710 1537 806 1575; x_wconf 82' lang='lat' dir='ltr'>libertati</span> <span class='ocrx_word' id='word_1_191' title='bbox 816 1538 885 1576; x_wconf 88' lang='lat' dir='ltr'>homi-</span> 
     </span>
     <span class='ocr_line' id='line_1_22' title="bbox 59 1610 885 1655; baseline 0 -8"><span class='ocrx_word' id='word_1_192' title='bbox 59 1611 94 1647; x_wconf 88' lang='lat' dir='ltr'>nis</span> <span class='ocrx_word' id='word_1_193' title='bbox 106 1610 177 1654; x_wconf 90' lang='lat' dir='ltr'>(prop.</span> <span class='ocrx_word' id='word_1_194' title='bbox 188 1610 263 1652; x_wconf 74' lang='lat' dir='ltr'>ott-68).</span> <span class='ocrx_word' id='word_1_195' title='bbox 275 1610 362 1648; x_wconf 88' lang='lat' dir='ltr'>«Omne</span> <span class='ocrx_word' id='word_1_196' title='bbox 373 1610 430 1655; x_wconf 84' lang='lat' dir='ltr'>quod</span> <span class='ocrx_word' id='word_1_197' title='bbox 441 1611 483 1654; x_wconf 84' lang='lat' dir='ltr'>agit</span> <span class='ocrx_word' id='word_1_198' title='bbox 493 1613 596 1654; x_wconf 87' lang='lat' dir='ltr'>peccator</span> <span class='ocrx_word' id='word_1_199' title='bbox 606 1611 638 1646; x_wconf 86' lang='lat' dir='ltr'>vel</span> <span class='ocrx_word' id='word_1_200' title='bbox 650 1620 724 1647; x_wconf 89' lang='lat' dir='ltr'>servus</span> <span class='ocrx_word' id='word_1_201' title='bbox 734 1610 825 1654; x_wconf 88' lang='lat' dir='ltr'>peccati,</span> <span class='ocrx_word' id='word_1_202' title='bbox 836 1621 885 1654; x_wconf 86' lang='lat' dir='ltr'>peo-</span> 
     </span>
     <span class='ocr_line' id='line_1_23' title="bbox 60 1682 885 1726; baseline -0.001 -6"><span class='ocrx_word' id='word_1_203' title='bbox 60 1686 131 1720; x_wconf 84' lang='lat' dir='ltr'>catum</span> <span class='ocrx_word' id='word_1_204' title='bbox 144 1685 194 1720; x_wconf 76' lang='lat' dir='ltr'>est»</span> <span class='ocrx_word' id='word_1_205' title='bbox 210 1683 281 1726; x_wconf 92' lang='lat' dir='ltr'>(prop.</span> <span class='ocrx_word' id='word_1_206' title='bbox 294 1682 334 1724; x_wconf 82' lang='lat'>35).</span> <span class='ocrx_word' id='word_1_207' title='bbox 346 1682 380 1719; x_wconf 83' lang='lat' dir='ltr'>Ad</span> <span class='ocrx_word' id='word_1_208' title='bbox 391 1686 504 1726; x_wconf 89' lang='lat' dir='ltr'>peccatum</span> <span class='ocrx_word' id='word_1_209' title='bbox 516 1693 560 1719; x_wconf 89' lang='lat' dir='ltr'>non</span> <span class='ocrx_word' id='word_1_210' title='bbox 574 1682 643 1720; x_wconf 90' lang='lat' dir='ltr'>solum</span> <span class='ocrx_word' id='word_1_211' title='bbox 655 1682 745 1719; x_wconf 85' lang='lat' dir='ltr'>libertas</span> <span class='ocrx_word' id='word_1_212' title='bbox 758 1682 885 1720; x_wconf 87' lang='lat' dir='ltr'>indifferen-</span> 
     </span>
     <span class='ocr_line' id='line_1_24' title="bbox 60 1754 885 1799; baseline 0 -8"><span class='ocrx_word' id='word_1_213' title='bbox 60 1754 102 1792; x_wconf 88' lang='lat' dir='ltr'>tiae</span> <span class='ocrx_word' id='word_1_214' title='bbox 113 1765 156 1792; x_wconf 93' lang='lat' dir='ltr'>non</span> <span class='ocrx_word' id='word_1_215' title='bbox 165 1754 289 1799; x_wconf 87' lang='lat' dir='ltr'>requiritur,</span> <span class='ocrx_word' id='word_1_216' title='bbox 301 1755 338 1792; x_wconf 88' lang='lat' dir='ltr'>sed</span> <span class='ocrx_word' id='word_1_217' title='bbox 349 1765 375 1791; x_wconf 94' lang='lat' dir='ltr'>ne</span> <span class='ocrx_word' id='word_1_218' title='bbox 385 1754 531 1792; x_wconf 77' lang='lat' dir='ltr'>voluntarium</span> <span class='ocrx_word' id='word_1_219' title='bbox 542 1754 629 1798; x_wconf 82' lang='lat' dir='ltr'>quidem</span> <span class='ocrx_word' id='word_1_220' title='bbox 639 1765 685 1791; x_wconf 91' lang='lat' dir='ltr'>esse</span> <span class='ocrx_word' id='word_1_221' title='bbox 696 1754 759 1792; x_wconf 87' lang='lat' dir='ltr'>debet</span> <span class='ocrx_word' id='word_1_222' title='bbox 773 1754 843 1798; x_wconf 91' lang='lat' dir='ltr'>(prop.</span> <span class='ocrx_word' id='word_1_223' title='bbox 854 1754 885 1791; x_wconf 81' lang='grc'>46.</span> 
     </span>
     <span class='ocr_line' id='line_1_25' title="bbox 61 1826 887 1870; baseline 0.001 -7"><span class='ocrx_word' id='word_1_224' title='bbox 61 1827 101 1869; x_wconf 74' lang='lat'>47).</span> <span class='ocrx_word' id='word_1_225' title='bbox 121 1827 191 1864; x_wconf 83' lang='lat' dir='ltr'>Etiam</span> <span class='ocrx_word' id='word_1_226' title='bbox 212 1827 351 1864; x_wconf 84' lang='lat' dir='ltr'>indeliberati</span> <span class='ocrx_word' id='word_1_227' title='bbox 371 1831 441 1864; x_wconf 84' lang='lat' dir='ltr'>motus</span> <span class='ocrx_word' id='word_1_228' title='bbox 462 1826 652 1870; x_wconf 87' lang='lat' dir='ltr'>concupiscentiae</span> <span class='ocrx_word' id='word_1_229' title='bbox 673 1829 723 1863; x_wconf 91' lang='lat' dir='ltr'>sunt</span> <span class='ocrx_word' id='word_1_230' title='bbox 742 1838 793 1864; x_wconf 90' lang='lat' dir='ltr'>vera</span> <span class='ocrx_word' id='word_1_231' title='bbox 813 1827 887 1864; x_wconf 92' lang='lat' dir='ltr'>inobe-</span> 
     </span>
     <span class='ocr_line' id='line_1_26' title="bbox 62 1899 886 1944; baseline -0.001 -8"><span class='ocrx_word' id='word_1_232' title='bbox 62 1899 143 1936; x_wconf 86' lang='lat' dir='ltr'>dientia</span> <span class='ocrx_word' id='word_1_233' title='bbox 164 1899 234 1943; x_wconf 90' lang='lat' dir='ltr'>(prop.</span> <span class='ocrx_word' id='word_1_234' title='bbox 253 1900 284 1942; x_wconf 88' lang='lat'>51,</span> <span class='ocrx_word' id='word_1_235' title='bbox 303 1899 346 1944; x_wconf 79' lang='lat'>75);</span> <span class='ocrx_word' id='word_1_236' title='bbox 366 1909 409 1935; x_wconf 93' lang='lat' dir='ltr'>non</span> <span class='ocrx_word' id='word_1_237' title='bbox 429 1901 526 1936; x_wconf 82' lang='lat' dir='ltr'>seruatur</span> <span class='ocrx_word' id='word_1_238' title='bbox 545 1902 685 1942; x_wconf 90' lang='lat' dir='ltr'>praeceptum</span> <span class='ocrx_word' id='word_1_239' title='bbox 704 1899 828 1936; x_wconf 88' lang='lat' dir='ltr'>dilectionis</span> <span class='ocrx_word' id='word_1_240' title='bbox 847 1899 886 1936; x_wconf 89' lang='lat' dir='ltr'>Dei</span> 
     </span>
     <span class='ocr_line' id='line_1_27' title="bbox 65 1970 215 2015; baseline -0.007 -6"><span class='ocrx_word' id='word_1_241' title='bbox 65 1972 135 2015; x_wconf 92' lang='lat' dir='ltr'>(prop.</span> <span class='ocrx_word' id='word_1_242' title='bbox 152 1970 193 2013; x_wconf 83' lang='grc'>76).</span> <span class='ocrx_word' id='word_1_243' title='bbox 201 1975 215 2008; x_wconf 84' lang='lat'>⁵.</span> 
     </span>
    </p>

    <p class='ocr_par' dir='ltr' id='par_1_5' title="bbox 62 2042 888 2305">
     <span class='ocr_line' id='line_1_28' title="bbox 113 2042 887 2087; baseline 0 -7"><span class='ocrx_word' id='word_1_244' title='bbox 113 2043 146 2081; x_wconf 86' lang='lat' dir='ltr'>Ad</span> <span class='ocrx_word' id='word_1_245' title='bbox 154 2043 330 2082; x_wconf 86' lang='lat' dir='ltr'>iustificatiouem</span> <span class='ocrx_word' id='word_1_246' title='bbox 339 2044 501 2087; x_wconf 84' lang='lat' dir='ltr'>intelligendam</span> <span class='ocrx_word' id='word_1_247' title='bbox 512 2042 634 2081; x_wconf 87' lang='lat' dir='ltr'>necessaria</span> <span class='ocrx_word' id='word_1_248' title='bbox 643 2048 674 2082; x_wconf 91' lang='lat' dir='ltr'>est</span> <span class='ocrx_word' id='word_1_249' title='bbox 683 2044 803 2081; x_wconf 89' lang='lat' dir='ltr'>secundum</span> <span class='ocrx_word' id='word_1_250' title='bbox 812 2044 887 2081; x_wconf 86' lang='lat' dir='ltr'>Baium</span> 
     </span>
     <span class='ocr_line' id='line_1_29' title="bbox 62 2115 888 2161; baseline 0 -9"><span class='ocrx_word' id='word_1_251' title='bbox 62 2115 157 2160; x_wconf 83' lang='lat' dir='ltr'>cognitio</span> <span class='ocrx_word' id='word_1_252' title='bbox 173 2116 277 2156; x_wconf 85' lang='lat' dir='ltr'>caritatis.</span> <span class='ocrx_word' id='word_1_253' title='bbox 293 2128 304 2152; x_wconf 86' lang='lat'>«</span> <span class='ocrx_word' id='word_1_254' title='bbox 312 2117 343 2154; x_wconf 90' lang='lat' dir='ltr'>De</span> <span class='ocrx_word' id='word_1_255' title='bbox 358 2115 510 2154; x_wconf 85' lang='lat' dir='ltr'>iustificatione</span> <span class='ocrx_word' id='word_1_256' title='bbox 528 2115 649 2161; x_wconf 89' lang='lat' dir='ltr'>disserenti,</span> <span class='ocrx_word' id='word_1_257' title='bbox 666 2115 685 2153; x_wconf 90' lang='lat' dir='ltr'>si</span> <span class='ocrx_word' id='word_1_258' title='bbox 701 2117 756 2154; x_wconf 92' lang='lat' dir='ltr'>bene</span> <span class='ocrx_word' id='word_1_259' title='bbox 771 2119 791 2154; x_wconf 93' lang='lat' dir='ltr'>et</span> <span class='ocrx_word' id='word_1_260' title='bbox 805 2115 888 2158; x_wconf 84' lang='lat' dir='ltr'>utiliter</span> 
     </span>
     <span class='ocr_line' id='line_1_30' title="bbox 62 2187 888 2233; baseline -0.001 -8"><span class='ocrx_word' id='word_1_261' title='bbox 62 2188 169 2226; x_wconf 85' lang='lat' dir='ltr'>disserere</span> <span class='ocrx_word' id='word_1_262' title='bbox 179 2189 237 2228; x_wconf 87' lang='lat' dir='ltr'>velit,</span> <span class='ocrx_word' id='word_1_263' title='bbox 251 2198 329 2232; x_wconf 74' lang='lat' dir='ltr'>magno</span> <span class='ocrx_word' id='word_1_264' title='bbox 343 2189 415 2227; x_wconf 89' lang='lat' dir='ltr'>studio</span> <span class='ocrx_word' id='word_1_265' title='bbox 428 2189 552 2233; x_wconf 83' lang='lat' dir='ltr'>quaerenda</span> <span class='ocrx_word' id='word_1_266' title='bbox 566 2191 598 2226; x_wconf 88' lang='lat' dir='ltr'>est</span> <span class='ocrx_word' id='word_1_267' title='bbox 609 2199 660 2226; x_wconf 88' lang='lat' dir='ltr'>vera</span> <span class='ocrx_word' id='word_1_268' title='bbox 674 2189 771 2226; x_wconf 87' lang='lat' dir='ltr'>caritatis</span> <span class='ocrx_word' id='word_1_269' title='bbox 786 2187 888 2232; x_wconf 83' lang='lat' dir='ltr'>cognitio,</span> 
     </span>
     <span class='ocr_line' id='line_1_31' title="bbox 62 2260 888 2305; baseline -0.001 -7"><span class='ocrx_word' id='word_1_270' title='bbox 62 2272 103 2304; x_wconf 86' lang='lat' dir='ltr'>qua</span> <span class='ocrx_word' id='word_1_271' title='bbox 120 2261 188 2298; x_wconf 87' lang='lat' dir='ltr'>Deum</span> <span class='ocrx_word' id='word_1_272' title='bbox 208 2261 317 2304; x_wconf 86' lang='lat' dir='ltr'>diligimus</span> <span class='ocrx_word' id='word_1_273' title='bbox 338 2265 357 2298; x_wconf 87' lang='lat' dir='ltr'>et</span> <span class='ocrx_word' id='word_1_274' title='bbox 376 2260 506 2304; x_wconf 81' lang='lat' dir='ltr'>proximum,</span> <span class='ocrx_word' id='word_1_275' title='bbox 525 2260 576 2305; x_wconf 83' lang='lat' dir='ltr'>quia</span> <span class='ocrx_word' id='word_1_276' title='bbox 595 2261 674 2298; x_wconf 90' lang='lat' dir='ltr'>caritas</span> <span class='ocrx_word' id='word_1_277' title='bbox 694 2264 730 2298; x_wconf 89' lang='lat' dir='ltr'>aut</span> <span class='ocrx_word' id='word_1_278' title='bbox 749 2260 831 2298; x_wconf 90' lang='lat' dir='ltr'>iustitia</span> <span class='ocrx_word' id='word_1_279' title='bbox 850 2264 888 2303; x_wconf 90' lang='lat' dir='ltr'>est,</span> 
     </span>
    </p>
   </div>
   <div class='ocr_carea' id='block_1_3' title="bbox 62 2332 889 2377">
    <p class='ocr_par' dir='ltr' id='par_1_6' title="bbox 62 2332 889 2377">
     <span class='ocr_line' id='line_1_32' title="bbox 62 2332 889 2377; baseline -0.001 -7"><span class='ocrx_word' id='word_1_280' title='bbox 62 2344 125 2376; x_wconf 86' lang='lat' dir='ltr'>quarn</span> <span class='ocrx_word' id='word_1_281' title='bbox 138 2332 232 2376; x_wconf 86' lang='lat' dir='ltr'>adipisci</span> <span class='ocrx_word' id='word_1_282' title='bbox 247 2333 317 2370; x_wconf 81' lang='lat' dir='ltr'>studet</span> <span class='ocrx_word' id='word_1_283' title='bbox 331 2334 350 2371; x_wconf 85' lang='lat' dir='ltr'>is</span> <span class='ocrx_word' id='word_1_284' title='bbox 363 2334 401 2377; x_wconf 83' lang='lat' dir='ltr'>oui</span> <span class='ocrx_word' id='word_1_285' title='bbox 413 2332 561 2370; x_wconf 85' lang='lat' dir='ltr'>iustificatur...</span> <span class='ocrx_word' id='word_1_286' title='bbox 576 2336 611 2370; x_wconf 90' lang='lat' dir='ltr'>aut</span> <span class='ocrx_word' id='word_1_287' title='bbox 626 2336 683 2370; x_wconf 84' lang='lat' dir='ltr'>certe</span> <span class='ocrx_word' id='word_1_288' title='bbox 697 2343 765 2377; x_wconf 83' lang='lat' dir='ltr'>usque</span> <span class='ocrx_word' id='word_1_289' title='bbox 779 2332 833 2371; x_wconf 91' lang='lat' dir='ltr'>adeo</span> <span class='ocrx_word' id='word_1_290' title='bbox 846 2332 889 2369; x_wconf 89' lang='lat' dir='ltr'>ius-</span> 
     </span>
    </p>
   </div>
   <div class='ocr_carea' id='block_1_4' title="bbox 61 2453 204 2460">
    <p class='ocr_par' dir='ltr' id='par_1_7' title="bbox 61 2453 204 2460">
     <span class='ocr_line' id='line_1_33' title="bbox 61 2453 204 2460; baseline -0.007 0"><span class='ocrx_word' id='word_1_291' title='bbox 61 2453 204 2460; x_wconf 52' lang='grc' dir='ltr'>Ἠ..</span> 
     </span>
    </p>
   </div>
   <div class='ocr_carea' id='block_1_5' title="bbox 66 2531 885 2745">
    <p class='ocr_par' dir='ltr' id='par_1_8' title="bbox 109 2531 334 2569">
     <span class='ocr_line' id='line_1_34' title="bbox 109 2531 334 2569; baseline -0.009 -5"><span class='ocrx_word' id='word_1_292' title='bbox 109 2534 117 2556; x_wconf 82' lang='lat'>³</span> <span class='ocrx_word' id='word_1_293' title='bbox 130 2531 209 2568; x_wconf 80' lang='lat' dir='ltr'>Jansen,</span> <span class='ocrx_word' id='word_1_294' title='bbox 222 2540 252 2569; x_wconf 90' lang='lat' dir='ltr'>op.</span> <span class='ocrx_word' id='word_1_295' title='bbox 263 2531 295 2564; x_wconf 89' lang='lat' dir='ltr'>cit.</span> <span class='ocrx_word' id='word_1_296' title='bbox 306 2531 334 2563; x_wconf 89' lang='grc'>31.</span> 
     </span>
    </p>

    <p class='ocr_par' dir='ltr' id='par_1_9' title="bbox 109 2590 691 2631">
     <span class='ocr_line' id='line_1_35' title="bbox 109 2590 691 2631; baseline -0.002 -7"><span class='ocrx_word' id='word_1_297' title='bbox 109 2594 119 2616; x_wconf 79' lang='lat'>4</span> <span class='ocrx_word' id='word_1_298' title='bbox 131 2591 210 2631; x_wconf 86' lang='lat' dir='ltr'>Jansen,</span> <span class='ocrx_word' id='word_1_299' title='bbox 222 2600 253 2630; x_wconf 80' lang='lat' dir='ltr'>op.</span> <span class='ocrx_word' id='word_1_300' title='bbox 262 2590 295 2624; x_wconf 87' lang='lat' dir='ltr'>cit.</span> <span class='ocrx_word' id='word_1_301' title='bbox 305 2590 337 2630; x_wconf 84' lang='lat'>52;</span> <span class='ocrx_word' id='word_1_302' title='bbox 349 2590 374 2623; x_wconf 81' lang='lat' dir='ltr'>cf.</span> <span class='ocrx_word' id='word_1_303' title='bbox 386 2590 472 2624; x_wconf 88' lang='lat' dir='ltr'>similem</span> <span class='ocrx_word' id='word_1_304' title='bbox 484 2590 594 2624; x_wconf 86' lang='lat' dir='ltr'>doctrinam</span> <span class='ocrx_word' id='word_1_305' title='bbox 605 2591 691 2624; x_wconf 89' lang='lat' dir='ltr'>Lutheri.</span> 
     </span>
    </p>

    <p class='ocr_par' dir='ltr' id='par_1_10' title="bbox 66 2651 885 2745">
     <span class='ocr_line' id='line_1_36' title="bbox 110 2651 885 2690; baseline 0.003 -8"><span class='ocrx_word' id='word_1_306' title='bbox 110 2653 117 2674; x_wconf 86' lang='lat'>⁵</span> <span class='ocrx_word' id='word_1_307' title='bbox 130 2651 210 2687; x_wconf 86' lang='lat' dir='ltr'>Jansen,</span> <span class='ocrx_word' id='word_1_308' title='bbox 223 2660 253 2688; x_wconf 91' lang='lat' dir='ltr'>op.</span> <span class='ocrx_word' id='word_1_309' title='bbox 265 2651 297 2683; x_wconf 88' lang='lat' dir='ltr'>rit.</span> <span class='ocrx_word' id='word_1_310' title='bbox 310 2651 332 2682; x_wconf 78' lang='lat'>76</span> <span class='ocrx_word' id='word_1_311' title='bbox 345 2661 369 2683; x_wconf 86' lang='lat' dir='ltr'>ss.</span> <span class='ocrx_word' id='word_1_312' title='bbox 381 2651 468 2683; x_wconf 89' lang='lat' dir='ltr'>ostendit</span> <span class='ocrx_word' id='word_1_313' title='bbox 480 2651 500 2682; x_wconf 92' lang='lat' dir='ltr'>in</span> <span class='ocrx_word' id='word_1_314' title='bbox 512 2651 601 2684; x_wconf 87' lang='lat' dir='ltr'>doctrina</span> <span class='ocrx_word' id='word_1_315' title='bbox 613 2652 656 2684; x_wconf 90' lang='lat' dir='ltr'>Baii</span> <span class='ocrx_word' id='word_1_316' title='bbox 668 2661 708 2684; x_wconf 90' lang='lat' dir='ltr'>nou</span> <span class='ocrx_word' id='word_1_317' title='bbox 720 2652 789 2684; x_wconf 87' lang='lat' dir='ltr'>haberi</span> <span class='ocrx_word' id='word_1_318' title='bbox 801 2653 885 2690; x_wconf 86' lang='lat' dir='ltr'>gratiam</span> 
     </span>
     <span class='ocr_line' id='line_1_37' title="bbox 66 2711 258 2745; baseline 0.005 -2"><span class='ocrx_word' id='word_1_319' title='bbox 66 2721 109 2744; x_wconf 89' lang='lat' dir='ltr'>vere</span> <span class='ocrx_word' id='word_1_320' title='bbox 125 2711 258 2745; x_wconf 86' lang='lat' dir='ltr'>sufficientem.</span> 
     </span>
    </p>
   </div>
   <div class='ocr_carea' id='block_1_6' title="bbox 0 0 988 3093">
    <p class='ocr_par' dir='ltr' id='par_1_11' title="bbox 0 0 988 3093">
     <span class='ocr_line' id='line_1_38' title="bbox 0 0 988 3093; baseline 0 0"><span class='ocrx_word' id='word_1_321' title='bbox 0 0 988 3093; x_wconf 95' lang='lat' dir='ltr'> </span> 
     </span>
    </p>
   </div>
  </div>
 </body>
</html>
