1952 3093
414 75 535 112 -159—

109 195 119 227 2
132 194 198 234 Coi-1,
209 194 242 228 12:
256 194 324 226 «Nam
337 193 401 232 glorie
412 194 483 227 nostra
495 192 543 226 haec
556 196 591 232 est,
604 194 743 226 testimonium
756 191 889 225 conscientiae

62 257 145 293 nostrae,
156 254 209 293 quod
220 254 241 292 in
253 253 382 292 simplicitate
394 253 458 286 cordis
469 256 489 286 et
500 253 614 286 sinceritate
625 253 661 286 Dei
673 256 692 286 et
702 263 742 286 non
755 253 776 285 in
788 251 888 292 sapientia

63 314 142 353 carnali,
155 314 223 353 sedin
236 314 301 353 gratia
313 313 348 346 Dei
361 313 472 347 conversati
486 322 555 346 sumus
568 313 590 346 in
603 313 640 346 hoc
653 314 738 346 mundo:
753 312 889 346 abundantius

64 369 128 413 autem
141 375 166 409 ad
178 385 213 409 vos
221 385 237 408 ›>.
250 394 275 399 -
289 375 346 415 Resp.
361 375 468 415 Apostolus
481 374 553 414 incipit
567 374 665 414 explicare
679 385 714 408 cur
727 384 768 408 non
781 374 837 414 prius
853 373 889 406 Co-

63 437 152 473 rinthum
165 437 250 476 venerim
266 439 360 476 provocat
374 436 399 469 ad
413 436 551 469 testimonium
565 435 697 469 conscientiae
713 446 765 475 suae,
781 435 835 476 quod
849 444 889 468 non

63 498 122 538 egerit
136 498 157 530 in
172 497 272 537 sapientia
286 497 367 536 carnali,
383 497 416 529 sed
431 496 582 532 insinceritate
596 499 615 529 et
630 498 717 530 caritate.
733 497 783 535 Ergo
798 496 851 528 nihil
866 496 888 528 dc

63 560 130 593 nostra
145 558 266 597 quaestione.

109 624 119 655 2
132 623 170 655 Cor
182 623 211 662 13,
224 624 244 656 5:
260 623 412 669 cVosmetipsos
425 625 501 655 tentate
515 624 533 655 si
547 623 594 655 estis
607 623 628 654 in
642 623 685 662 tide,
698 624 737 662 ipsi
751 633 786 655 vos
800 624 888 661 probate.

63 687 90 718 An
106 691 146 715 non
162 683 280 721 cognoscitis
295 683 428 721 vosmetipsos
443 682 491 721 quia
506 682 597 715 Christus
613 683 667 715 Iesus
684 684 704 715 in
719 683 776 715 vohis
791 682 832 715 est?
848 683 888 715 nisi

63 746 114 779 torte
128 733 206 784 reprobi
221 743 274 777 estis.
289 743 348 783 Spero
363 746 430 777 autem
444 744 497 783 quod
512 744 638 783 cognoscetis,
652 744 700 783 quia
713 753 749 777 nos
764 753 804 775 non
820 752 888 776 sumus

64 805 164 846 reprobi».
176 824 201 829 -
214 804 271 844 Resp.
286 804 384 838 Corinthii
398 804 469 837 debent
482 804 566 844 probare
579 814 636 838 suam
649 805 791 838 conscientiam
806 805 829 837 de
844 805 890 837 vira

64 877 99 901 sua
111 866 157 904 tide;
169 865 217 912 haec
231 868 297 898 autem
309 865 401 905 probatio
414 874 455 898 non
468 865 522 898 ducit
536 865 560 898 ad
573 865 712 898 certitudinem
723 865 774 905 fidei,
787 875 851 905 neque
865 866 889 898 ad

65 926 176 960 absolutam
190 925 329 958 certitudinem
343 935 406 965 neque
422 926 524 965 apostolus
539 925 579 958 tale
595 926 642 964 quid
658 926 710 958 dicit.
725 925 845 964 «Reprobi»
860 927 890 958 in—

65 986 193 1024 telligendum
206 995 247 1018 non
261 988 291 1018 est
305 986 329 1018 de
343 985 523 1024 «reprobatione»,
537 985 571 1017 sed
586 985 682 1023 significat
698 986 783 1024 ineptus,
798 985 888 1018 inutilis:

65 1046 120 1078 «nisi
135 1045 186 1078 torte
200 1045 248 1077 estis
261 1054 301 1077 non
315 1045 396 1083 genuini
410 1045 444 1077 scl.
458 1045 590 1077 Christiani».

109 1112 152 1152 Eph
165 1112 181 1151 3,
194 1112 226 1144 12:
242 1111 282 1144 «In
294 1121 333 1151 quo
347 1111 442 1150 (Christo)
454 1111 550 1144 habemus
563 1111 654 1144 fiduciam
666 1115 685 1144 et
698 1120 797 1144 accessum
810 1112 830 1143 in
844 1121 889 1144 con-

63 1173 144 1206 fidentia
152 1181 187 1212 per
196 1173 254 1205 fidem
266 1172 308 1205 eius
316 1183 332 1206 ».
341 1191 366 1196 -
375 1173 432 1212 Resp.
443 1172 525 1206 Fiducia
534 1182 575 1205 non
587 1172 643 1205 debet
654 1182 764 1212 supponere
777 1172 890 1206 absolutam

64 1233 208 1272 certitudinem,
222 1233 256 1266 sed
270 1234 366 1266 moralem
380 1233 420 1267 late
434 1233 507 1266 dictam
513 1236 537 1266 ¹⁵⁵.

65 1440 138 1477 Ttffisls
152 1441 173 1476 7:
185 1441 217 1474 Ad
229 1441 268 1474 Iros
281 1441 340 1474 actus
353 1440 458 1474 salutares
471 1441 589 1479 eliciendos,
604 1440 666 1474 etiam
680 1442 708 1474 ad
724 1442 793 1480 ipsum
809 1442 892 1474 initium

112 1501 167 1541 fidei,
184 1501 267 1536 interna
279 1501 348 1543 gratia
362 1502 395 1535 est
406 1501 501 1536 absolute
513 1502 638 1537 necessaria.

118 1620 142 1655 ln
160 1620 251 1657 decursu
268 1620 334 1656 thesis
351 1620 502 1663 praecedentis
519 1621 605 1663 saepius
620 1621 663 1657 iam
681 1620 763 1657 dictum
778 1623 816 1664 est,
832 1624 891 1657 actus

65 1692 91 1727 ad
106 1691 282 1728 iustificationern
295 1695 451 1735 praeparantes
466 1692 580 1734 ponendos
597 1703 642 1729 esse
658 1691 739 1728 auxilio
755 1692 843 1734 gratiae.
859 1691 890 1728 Dc

65 1763 105 1798 hac
120 1763 247 1799 necessitate
262 1763 343 1805 gratiae
358 1763 381 1798 in
397 1764 507 1806 praesenti
523 1763 579 1799 thesi
593 1763 699 1806 agendum
716 1767 753 1801 est.

119 1853 129 1876 «
137 1840 170 1877 Ad
186 1841 225 1878 hos
242 1843 302 1879 actus
320 1840 439 1878 eliciendos
448 1852 470 1877 »1
490 1851 560 1878 sermo
578 1851 628 1884 ergo
647 1844 678 1878 est
696 1841 722 1878 de
740 1841 824 1878 actibus
844 1852 891 1884 pec-

65 1913 150 1957 catoris,
165 1913 244 1958 quibus
259 1913 286 1950 ad
301 1913 476 1951 iustificationcm
490 1916 639 1957 praeparatur.
652 1913 696 1951 Hos
712 1917 771 1950 actus
788 1924 890 1951 vocamus·

66 1985 215 2028 «salutares»,
228 1986 279 2030 quia
292 1986 403 2023 hominem
415 1986 508 2030 positive
523 1986 550 2023 ad
564 1986 653 2023 salutem
668 1990 803 2030 promovent,
816 1987 850 2024 vel
864 1987 892 2023 ad

66 2056 124 2092 illam
141 2057 272 2100 conducunt,
289 2057 335 2094 sive
352 2057 445 2094 mediate
462 2058 507 2095 sive
524 2058 655 2101 immediate,
671 2061 736 2100 prout
754 2063 803 2095 sunt
820 2058 892 2102 dispo—

66 2127 115 2165 sitio
125 2128 220 2166 mediata
231 2129 266 2165 vel
277 2129 409 2165 immediata.
420 2129 543 2166 Notandum
556 2132 625 2166 autem
638 2133 669 2166 est
681 2133 768 2172 praeter
779 2131 819 2167 hos
832 2133 892 2167 actus

67 2198 119 2236 alios
132 2211 217 2244 quoque
233 2211 278 2238 esse
293 2200 331 2245 qui
345 2204 451 2238 vocantur
464 2201 574 2245 salutares
589 2201 626 2238 scl.
642 2204 702 2238 actus
716 2201 840 2239 meritorios
855 2202 889 2239 ho>

66 2272 131 2310 minis
145 2273 206 2318 iusti;
223 2273 250 2310 de
265 2273 300 2310 his
315 2284 386 2311 sermo
402 2274 498 2310 occurrit
513 2276 574 2317 parte
590 2274 659 2312 tertia.

117 2350 206 2389 «Etiam
223 2352 251 2389 ad
267 2352 339 2395 ipsum
354 2352 442 2389 initium
457 2352 539 2389 fideii:
559 2352 636 2389 Thesis
651 2356 684 2391 est
700 2354 790 2391 omniuo
806 2354 891 2391 univer-

66 2422 126 2458 salis:
144 2423 172 2460 ad
187 2433 261 2459 omnes
276 2427 335 2460 actos
352 2423 502 2468 disponentem
519 2424 632 2467 speciatim
648 2428 720 2462 autem
734 2426 833 2463 additur:
853 2438 892 2464 ue·

66 2492 116 2529 tiam
129 2496 156 2531 ad
169 2495 255 2531 initium
268 2495 318 2531 fidei
327 2509 338 2530 »
351 2498 440 2538 propter
453 2506 548 2532 errorem
562 2495 790 2539 Semipelagianorum.
802 2497 890 2534 Initium

113 2679 130 2698 ³⁵
144 2676 216 2708 linitas
228 2676 348 2708 obiectioncs
361 2676 403 2708 vide
415 2677 466 2714 apud
479 2677 496 2709 S.
508 2677 634 2715 Bellarmino
645 2678 672 2710 De
685 2679 825 2711 iustificatione
836 2680 870 2712 lib.
882 2681 891 2712 3

68 2742 108 2771 cap.
121 2736 170 2768 9-11.
