1952 3093
380 70 395 99 ³
442 79 564 117 -aaa-

136 201 262 240 s.10mnas
276 200 465 238 Cnnrsosromus:
481 198 523 236 «Si
535 198 644 236 illuminat
655 208 741 236 omnem
753 198 866 236 hominem
878 207 913 234 ve-

86 274 181 312 nientem
194 273 217 310 in
231 272 290 310 hunc
303 271 440 316 mundumer,
454 260 564 315 duomodo
577 273 608 309 tot
622 270 722 309 homines
736 280 780 308 non
795 269 913 308 illuminati

85 345 186 385 manent?
197 344 245 383 Non
255 345 314 383 enim
327 354 402 382 omnes
413 342 494 382 Christi
505 343 586 381 cultum
599 346 725 388 agnoscunt.
737 343 849 395 Quomodo
862 351 913 386 ergo

72 412 74 417 ’
86 418 194 457 illuminat
205 427 292 456 omnem
302 416 427 454 hominem?
439 416 546 470 Quantum
557 416 580 454 in
592 416 640 460 ipso
652 419 690 455 est.
703 415 725 455 Si
735 415 773 470 qui
786 426 837 453 vero
849 425 913 459 spon-

85 495 105 529 te
117 501 155 528 sua
167 489 246 528 mentis
258 490 333 527 oculos
345 490 471 527 claudentes
482 489 547 526 huius
557 488 613 527 lucis
624 489 698 527 radios
709 488 824 533 percipere
837 487 914 530 nolint,

86 573 130 600 non
144 573 171 599 ex
184 564 261 599 natura
276 561 332 598 lucis
347 561 419 599 evenit
433 561 492 606 quod
508 561 530 597 in
546 561 642 598 tenebris
657 564 765 605 man-eant,
782 553 823 599 sed‘
834 570 862 597 ex
878 569 914 597 ne·

84 629 154 679 'quitia
171 644 252 678 eorum,
269 633 306 678 qui
325 635 402 676 sponte
420 644 443 669 se
461 632 503 670 hoc
519 632 608 676 privant
626 636 767 670 munererffl.
784 654 811 659 -
830 617 913 674 <Deus

73 734 75 737 v
87 708 160 750 utpote
172 705 267 743 clemens
280 707 301 742 et
312 703 428 757 beneficus,
442 704 527 749 dilecte,
540 704 613 741 omnia
626 704 670 747 agit
682 707 703 742 et
715 707 824 748 operatur,
838 707 861 741 ut
873 714 913 740 nos

86 777 164 814 virtute
177 776 288 820 splendidi
299 776 376 821 simus;
390 779 471 813 etcum
482 784 522 813 nos
535 759 587 812 velit
598 779 698 818 acceptos
711 779 732 813 et
742 775 846 819 probatos
860 785 912 816 esse.

86 859 129 896 non
143 848 165 885 ri
178 852 215 887 aut
227 848 362 892 necessitate,
375 847 528 886 sed-suasione
541 850 562 885 et
574 847 686 885 beneficiis
700 849 745 885 suis
758 846 855 885 volentes
869 857 913 885 om—

86 933 124 959 nes
135 921 203 958 allicit
213 921 271 958 etad
282 932 304 958 se
315 903 390 958 trahit.t
397 920 515 964 Propterea
525 920 647 957 venientem
657 920 718 957 illum
730 920 768 957 alii
777 923 913 964 receperunt,

87 994 124 1031 alii
134 980 185 1030 non.
197 992 285 1031 Nullum
295 992 354 1031 enim
366 992 412 1030 vult
423 992 517 1030 invitum
528 992 562 1030 vel
574 992 703 1031 necessitate
715 995 814 1031 coactum
827 1002 912 1030 servum

86 1065 173 1109 hahere,
190 1065 228 1103 sed
243 1075 319 1102 omnes
334 1065 429 1103 libenter
444 1067 466 1102 et
482 1076 508 1102 ex
524 1065 641 1103 voluntatis
659 1065 772 1109 proposito
789 1064 870 1107 venire,
888 1075 913 1102 ac

87 1138 113 1175 de
126 1137 164 1174 tali
178 1136 282 1175 servitute
295 1137 387 1180 gratiam
402 1137 445 1180 ipsi
459 1136 591 1175 haherese.
653 1139 657 1149 '

81 1234 83 1236 ·
140 1208 160 1247 S.
173 1208 328 1246 Auausrnrus:
343 1208 375 1245 Ex
391 1208 439 1253 ipso
453 1209 566 1246 lansenius
582 1209 636 1246 dicit
650 1220 672 1246 se
687 1209 786 1247 hausisse
800 1220 860 1246 suam
877 1209 913 1247 do·

86 1281 185 1323 ctrinam,
201 1290 224 1317 se
240 1280 296 1317 nihil
311 1280 370 1317 aliud
387 1280 472 1317 tradere
489 1290 553 1325 quam
569 1281 640 1323 ipsam
657 1280 773 1324 genuinam
790 1280 912 1318 doctrinam

87 1363 103 1388 s.
117 1351 241 1397 Augustini;
257 1352 350 1388 maxime
366 1352 388 1388 in
404 1355 478 1389 nostra
492 1352 618 1396 quaestione
635 1352 717 1389 insistit
731 1353 754 1389 in
771 1351 913 1389 distinctione

87 1422 190 1459 adiutorii
200 1422 250 1459 sine
263 1433 305 1467 quo
318 1404 361 1460 non
375 1423 434 1461 Adae
447 1423 520 1460 collati
534 1427 555 1460 et
567 1423 671 1461 adiutorii
685 1434 734 1467 quo,
747 1423 806 1467 quod
820 1423 913 1460 homini-

87 1494 126 1532 hus
138 1497 188 1539 post
199 1495 284 1538 lapsum
297 1494 416 1533 confertur.
427 1495 466 1532 Illa
478 1495 630 1539 terminologia
644 1505 719 1533 revera
732 1494 844 1533 invenitur
855 1496 913 1540 apud

88 1578 103 1604 s.
121 1566 270 1610 Augustinum.
288 1567 362 1605 Primo
380 1577 426 1606 eam
444 1560 581 1605 indicaverat
599 1567 737 1612 aliquomodo
757 1578 814 1606 anno
833 1567 871 1604 417
890 1568 913 1605 in

87 1650 151 1683 opere
161 1639 192 1677 De
204 1640 269 1683 gestis
279 1634 361 1684 Pelagii
372 1651 420 1684 cap.
432 1640 442 1677 1
455 1651 476 1677 n.
488 1641 535 1685 32&
549 1640 628 1678 deinde
639 1640 741 1684 explicite
753 1651 800 1679 eam
810 1640 914 1685 proponit

86 1721 142 1749 anno
157 1711 196 1749 427
211 1712 233 1749 in
250 1723 316 1756 opere
331 1712 362 1750 De
377 1713 516 1757 correptione
532 1715 553 1750 et
568 1713 636 1756 gratia
644 1714 669 1749 2⁹2
685 1712 795 1756 Quaenam
811 1716 912 1751 accurate

88 1784 187 1821 doctrina
204 1796 220 1821 s.
237 1784 350 1828 Augustini
367 1770 439 1830 tuerit,
456 1789 477 1823 et
493 1785 602 1829 quomodo
619 1785 733 1830 speciatim
748 1785 914 1830 intelligendum

86 1855 114 1892 sit
124 1855 256 1893 adiutorium
269 1867 311 1900 qrro
323 1860 343 1893 et
356 1856 403 1893 sine
414 1867 457 1900 quo
470 1867 520 1900 non,
532 1857 590 1893 inter
602 1860 700 1894 auctores
713 1857 777 1894 etiam
792 1857 912 1895 catholicos

87 1928 287 1964 controvertitur.

85 2014 228 2022 Ἥ...-

134 2075 250 2116 ffihhh

134 2139 151 2160 '2⁶
165 2136 187 2168 In
200 2135 294 2169 loannem
307 2137 377 2170 homil.
391 2137 408 2176 8,
423 2139 442 2175 1,·
455 2138 491 2172 MG
504 2139 532 2177 59,
546 2139 577 2177 65;
593 2138 609 2171 R
622 2139 673 2171 1158.

134 2199 150 2221 27
165 2196 187 2229 In
198 2196 293 2229 Ioannem
304 2197 357 2230 hom.
370 2197 398 2236 10,
411 2198 430 2236 1;
444 2198 478 2231 MG
490 2198 518 2237 59,
532 2198 562 2236 73ς
577 2198 592 2232 R
605 2199 656 2231 1159.

134 2260 151 2282 ²⁸
164 2256 198 2290 ML
211 2256 240 2296 44,
253 2256 297 2296 3213
309 2257 326 2290 R
339 2257 391 2292 1859.

134 2319 152 2342 ²⁹
165 2316 194 2350 Cf.
208 2317 225 2351 11
238 2317 285 2351 1954
297 2327 323 2351 ss.

134 2381 151 2403 ³0
164 2378 192 2410 De
205 2378 267 2411 variis
281 2378 447 2417 explicationibus
463 2380 545 2413 illorum
561 2381 706 2416 adiutoriorum
721 2382 782 2415 reteri
797 2383 827 2416 Fr.
842 2384 863 2415 A.
879 2383 914 2416 Zu-

87 2435 159 2476 1111111,
172 2437 285 2471 Thesaurus
296 2438 419 2477 theologicus
431 2439 454 2479 V,
467 2450 533 2479 opusc.
545 2440 586 2480 VII,
598 2441 686 2475 Venetiis
701 2441 752 2481 1762,
765 2443 822 2476 cuius
835 2443 913 2476 conclu-

87 2496 162 2529 sionem
176 2498 205 2531 ita
220 2498 285 2531 reddit
299 2498 360 2532 Pesch
378 2500 416 2537 (nr.
430 2499 484 2537 103):
501 2501 621 2534 «Auxilium
636 2502 679 2534 sine
693 2512 732 2542 quo
747 2512 787 2535 non
797 2495 853 2536 ¹Adae
868 2513 913 2536 con·

87 2563 162 2589 cessum
179 2567 219 2590 non
237 2558 276 2590 tuit
292 2559 355 2596 gratia
371 2560 499 2598 praeveniens
516 2561 550 2593 sed
567 2561 671 2599 originalis
688 2562 768 2595 iustitia
784 2572 828 2595 curn
844 2565 914 2596 ceteris

87 2614 150 2655 donis,
162 2626 212 2656 quae
224 2617 282 2651 illam
292 2618 472 2658 consequebantur;
486 2619 585 2652 auxilium
597 2630 636 2659 quo
647 2630 687 2654 non
699 2624 729 2654 est
741 2622 832 2661 specialis
846 2623 913 2662 aliqua

87 2675 150 2710 aratia
162 2686 225 2716 neque
237 2678 291 2710 solae
304 2678 378 2716 gratiae
392 2679 478 2712 actuales
491 2679 526 2712 sed
537 2680 612 2719 integer
623 2680 707 2714 effectus
719 2682 861 2722 providentiae,
874 2693 913 2722 qua

87 2732 138 2767 Dens
154 2737 312 2775 praedestinatos
329 2738 383 2771 ducit
398 2738 500 2772 advitam
517 2742 641 2773 aeternam».
658 2737 755 2774 Similiter
771 2741 871 2782 Palmieri‚
887 2743 914 2776 De
