1952 3093
76 317 151 353 Tutius
163 314 197 351 ’1οι
210 314 277 349 nomo
290 316 362 355 1apsus
373 316 443 355 potest
455 314 534 348 viribus
547 323 605 348 mere
616 313 756 352 naturalibus,
770 313 817 347 sine
826 312 905 364 auritio

121 375 210 416 gratiae,
224 376 283 408 actus
295 374 421 408 naturaliter
433 374 532 408 honestos
543 382 629 414 ponere.

130 491 176 528 Hac
190 492 247 529 thesi
262 492 379 535 quaeritur,
396 491 450 535 quid
466 492 551 528 valeant
566 491 589 526 in
606 491 683 528 ordine
700 491 777 527 morali
795 491 852 526 vires
869 500 905 525 na-

77 565 155 603 turales
168 563 264 601 hominis
277 567 326 607 post
340 567 453 607 peccatum
467 563 580 607 originale.
594 562 716 600 Secundum
732 563 854 599 doctrinam
868 572 905 597 no-

77 639 175 674 vatorum
191 636 271 673 saeculi
286 635 311 672 16
326 638 403 673 natura
417 635 513 672 humana
528 646 567 678 per
581 637 695 678 peccatum
710 634 842 671 intrinsecus
858 644 905 671 cor·

77 711 140 751 rupta
153 710 186 745 est
199 710 219 744 et
232 718 276 745 non
290 708 334 744 iam
345 707 411 745 habet
423 707 546 744 libertatem
561 707 588 743 ad
601 709 661 744 actus
674 706 752 751 h0n0s;
767 706 868 743 similiter
881 706 904 741 in

78 778 178 817 doctrina
191 779 238 816 Baii
253 783 274 816 et
289 779 385 816 Iansenii
399 779 464 816 homo
478 780 551 822 lapsus
568 779 614 816 sine
630 778 699 822 gratia
714 789 758 815 nou
774 781 845 821 potest
861 779 904 814 nisi

77 863 174 896 peccare.
188 852 219 888 De
232 851 267 888 his
282 851 392 889 erroribus
405 861 483 895 magna
496 863 521 888 ex
534 854 596 894 parte
609 851 653 888 iam
668 853 739 888 actum
753 854 785 888 est
798 850 853 887 thesi
868 860 904 887 an-

76 923 195 961 tecedente.
207 922 248 960 Sed
260 924 317 960 inter
327 923 438 967 theologos
451 923 570 960 catholicos
582 922 785 966 Augustinenses1⁸⁹
798 921 905 958 affirmant

79 995 125 1033 sine
139 995 221 1031 auxilio
234 994 315 1037 gratiae
328 1005 414 1032 omnem
427 997 498 1031 actum
513 995 617 1031 moralem
630 994 726 1031 hominis
739 994 802 1038 lapsi,
816 993 867 1030 licet
880 1004 906 1030 ex

77 1066 162 1104 obiecto
176 1070 196 1103 et
209 1066 250 1103 fine
263 1067 363 1110 proximo
376 1067 446 1110 possit
457 1078 503 1104 esse
515 1066 592 1109 bonus,
606 1070 678 1103 tamen
692 1069 788 1109 spectato
801 1065 844 1102 fine
857 1065 905 1101 ulti-

78 1149 112 1175 mo
124 1149 168 1174 non
181 1138 326 1183 essebonum,
339 1139 378 1176 sed
390 1150 475 1181 semper
485 1138 565 1180 vitiari,
579 1139 654 1175 saltem
664 1149 705 1181 per
716 1138 796 1174 malum
809 1148 905 1174 amorem

78 1209 188 1254 suiipsius,
203 1221 243 1253 per
256 1210 395 1256 philantiam
412 1211 435 1247 in
452 1210 522 1247 forma
537 1210 605 1253 magis
622 1210 728 1252 restricta,
744 1210 830 1253 qualem
846 1209 905 1245 Berti

78 1282 188 1325 proponit,
201 1281 329 1319 conceditur
340 1282 471 1324 speculative
483 1282 572 1326 quidem
584 1281 711 1325 possibilem
725 1293 771 1318 esse
785 1285 856 1318 actum
869 1280 906 1318 bo·

78 1363 136 1395 num,
148 1363 192 1390 non
204 1356 274 1390 autem
286 1354 389 1397 practice.
400 1353 458 1390 Haec
471 1357 542 1390 tamen
555 1354 661 1390 sententia
673 1364 717 1390 non
730 1353 817 1390 videtur
829 1353 906 1389 admit-

78 1425 150 1461 tenda.

134 1509 218 1546 «Actus
231 1509 359 1546 naturaliter
373 1509 460 1546 honesti
468 1521 490 1545 »ε
509 1508 561 1546 Cum
577 1513 638 1546 actus
652 1509 764 1546 moraliter
777 1508 907 1546 indifferen-

80 1584 110 1617 tes
123 1581 146 1616 in
160 1580 275 1618 individuo
290 1568 333 1618 non
348 1581 474 1624 habeantur,
489 1584 549 1618 actus
562 1581 627 1618 liberi
641 1580 737 1617 hominis
750 1584 800 1617 sunt
814 1584 850 1617 aut
863 1591 907 1617 mo-

81 1652 155 1689 raliter
166 1652 219 1690 boni
230 1655 266 1689 aut
278 1652 338 1696 mali;
351 1652 404 1689 boni
416 1655 476 1689 actus
488 1663 562 1695 perse
574 1655 666 1696 possunt
676 1663 722 1690 esse
734 1653 768 1689 vel
781 1654 908 1696 supernatu-

81 1723 156 1760 raliter
166 1724 226 1768 boni,
238 1724 262 1761 id
273 1727 305 1761 est
316 1727 377 1761 actus
389 1725 499 1767 salutares,
511 1725 544 1761 vel
557 1735 616 1761 mere
629 1725 756 1761 naturaliter
767 1724 827 1767 boni,
840 1724 864 1761 id
877 1727 909 1762 est

81 1797 141 1832 actus
156 1796 249 1839 honesti,
264 1795 343 1839 quihus
361 1796 420 1833 deest
436 1795 544 1839 perfectio
559 1796 643 1833 actibus
660 1796 790 1833 salutaribus
806 1796 907 1839 propria;

81 1867 107 1903 de
118 1867 153 1903 his
164 1867 248 1904 aciihus
260 1868 283 1903 in
295 1867 351 1904 thesi
362 1870 394 1904 est
406 1878 482 1905 sermo.
495 1867 549 1905 Sunt
560 1877 611 1910 ergo
622 1870 682 1904 actus
695 1868 810 1911 naturalesy
823 1868 860 1911 qui
871 1878 907 1903 na-

80 1938 144 1975 turali
155 1949 243 1976 normae
252 1950 336 1975 morum
345 1940 469 1976 conformes
480 1942 535 1976 sunt.
545 1939 621 1977 Thesis
632 1950 675 1976 non
687 1939 741 1976 dicit
749 1949 825 1977 omnes
834 1939 908 1976 huius-

81 2010 140 2046 modi
153 2013 212 2047 actus
222 2011 276 2054 poni
286 2021 350 2054 posse
360 2011 407 2047 sine
419 2011 500 2048 auxilio
512 2011 599 2054 gratiae,
611 2011 649 2047 sed
661 2012 730 2048 solum
743 2022 789 2048 esse
800 2011 860 2056 tales,
870 2011 907 2055 qui

80 2082 133 2124 poni
146 2082 237 2125 possint.

135 2178 146 2201 «
154 2165 242 2202 Viribus
261 2165 402 2209 naturalibus,
423 2166 469 2203 sine
488 2167 569 2203 auxilio
586 2167 698 2209 gratiaeaz
720 2165 791 2204 Etiam
809 2167 832 2203 in
851 2169 908 2205 statu

81 2239 170 2274 naturae
183 2238 257 2280 lapsae
270 2238 328 2274 vires
341 2237 446 2281 physicae
460 2241 481 2275 et
495 2239 587 2275 morales
599 2238 684 2280 adsunt,
697 2241 721 2275 ut
733 2238 766 2275 illi
779 2242 841 2276 actus
854 2238 908 2282 poni

83 2309 173 2353 possint,
192 2309 248 2346 sive:
266 2309 303 2346 isti
321 2312 381 2346 actus
398 2320 441 2346 non
459 2309 567 2346 excedunt
583 2310 641 2346 vires
659 2310 762 2353 physicas
780 2313 801 2348 et
816 2312 909 2349 morales

81 2380 178 2417 hominis
189 2381 252 2424 lapsi.
263 2380 311 2418 Non
323 2390 373 2424 ergo
385 2381 504 2425 requiritur
516 2381 620 2418 auxilium
632 2381 754 2419 indebitum
767 2382 908 2427 gratiaeque

82 2451 186 2496 physicae
201 2453 235 2489 vel
248 2452 340 2489 morales
355 2451 413 2490 vires
427 2453 523 2490 hominis
538 2453 594 2496 lapsi
609 2456 734 2497 augeantur.

136 2529 227 2566 «Potest
236 2542 258 2567 »z
273 2530 349 2573 Agitur
362 2530 430 2567 solum
445 2530 471 2567 de
483 2530 587 2573 potentia.
601 2541 644 2567 non
659 2531 684 2568 de
696 2533 823 2576 quaestione
837 2513 911 2569 utrum-

82 2636 248 2644 —-————-

131 2718 158 2740 189
172 2715 234 2754 Supra
248 2724 290 2754 pag.
306 2716 340 2749 183
354 2726 379 2748 ss.
