1952 3093
407 42 516 81 „49ae

103 164 128 201 In
143 163 202 201 hulla
217 163 331 208 «Exsurge
346 163 457 201 Domine»
477 164 658 207 (151unii152o)
681 165 737 203 Leo
757 164 774 201 X
795 175 879 203 errores

51 236 139 276 Lutheri
154 236 266 274 damnavit
273 241 297 281 ⁵¹,
312 238 369 274 inter
384 247 438 281 quos
452 237 526 281 plures
541 236 612 281 etiam,
628 238 665 282 qui
679 238 709 275 ad
723 237 837 275 materiam
853 238 879 275 de

50 309 118 356 gratia
135 293 240 352 spectant.
258 309 290 347 lta
307 309 436 355 doctrinam,
454 320 509 354 quae
527 308 582 347 dicit
599 309 807 354 concupiscentiam,
824 322 878 355 quae

51 385 98 428 post
111 382 246 425 Baptismum
261 385 339 426 manet,
354 393 400 420 esse
414 385 528 426 peccatum
547 382 594 424 (art.
610 382 640 428 2);
657 383 779 420 doctrinam
796 383 822 420 de
836 382 878 420 fide

51 455 153 500 requisita
165 458 186 492 et
199 455 318 494 sufficiente
331 455 359 493 ad
371 455 523 493 remissionem
535 458 675 500 peccatorum
691 456 739 498 (art.
753 455 820 493 10-12.
834 456 877 499 15);

51 529 108 574 quod
118 528 187 565 iustus
200 528 223 565 in
234 529 294 566 omni
307 538 372 572 opere
383 531 459 571 peccet
475 529 522 570 (art.
534 527 578 573 31);
591 519 650 572 quod
663 539 717 572 opus
729 528 810 566 honum
824 528 879 572 opti-

51 613 83 639 me.
96 601 178 638 tactum
191 601 219 638 sit
230 601 315 638 veniale
328 603 441 645 peccatum
457 601 504 643 (art.
518 599 562 646 32);
576 600 686 638 neminem
700 604 782 639 certum
796 612 842 638 esse
857 613 878 638 se

51 684 94 711 non
110 683 196 717 semper
211 673 332 711 mortaliter
346 683 438 717 peccare
457 673 505 715 tart.
521 672 564 717 35);
581 673 640 717 Quod
655 673 748 711 liberum
764 673 878 711 arbitrium

51 749 99 790 post
111 748 225 790 peccatum
239 746 267 784 sit
280 757 314 783 res
329 745 355 783 de
370 745 415 782 solo
428 745 491 783 titulo
509 746 557 788 (art.
570 744 611 786 36).

102 818 213 862 Imprimis
232 821 302 855 autem
321 817 438 855 concilium
462 818 681 855 Tridentinum
706 828 775 856 novae
793 818 877 855 haeresi

12 871 15 877 Ι
50 902 123 929 voram
137 890 268 928 catholicam
280 890 403 929 doctrinam
417 890 526 934 opposuit.
539 890 639 928 Sessione
654 891 673 928 5.
689 891 730 932 (17.
744 890 803 927 Iunii
817 890 877 933 1546)

51 965 137 1002 decreto
157 964 183 1001 de
199 966 289 1007 peccato
308 962 410 1006 originali
429 963 569 1000 damnaverat
588 963 717 1000 sententiam
735 974 790 1007 quae
809 965 878 1006 negat,

51 1047 89 1081 per
102 1035 183 1074 Christi
195 1036 293 1079 gratiam,
307 1035 396 1080 quaein
410 1035 521 1078 Baptismo
537 1035 654 1078 confertur,
668 1039 751 1072 reatum
765 1034 878 1078 originalis

51 1109 134 1153 peccati
147 1108 235 1152 remitti,
249 1111 285 1145 aut
298 1108 381 1151 asserit,
394 1118 438 1144 non
452 1108 499 1145 tolli
511 1110 579 1145 totum
593 1108 623 1151 id,
636 1108 694 1152 quod
708 1118 781 1144 veram
796 1110 816 1144 et
829 1117 879 1150 pro-

50 1181 121 1225 priam
133 1180 218 1224 peccati
232 1180 339 1218 rationem
353 1179 423 1224 habet,
436 1179 474 1217 sed
488 1180 542 1217 illud
556 1181 640 1216 tantum
654 1179 708 1217 dicit
722 1179 771 1217 radi
785 1181 877 1216 autnon

51 1254 160 1297 imputari.
175 1252 246 1290 Manet
260 1253 348 1297 quidem
365 1251 543 1295 concupiscentia
558 1254 608 1295 post
623 1251 764 1295 Baptismum
781 1251 819 1288 sed
834 1262 877 1289 non

51 1329 166 1369 propterea
180 1328 294 1368 peccatum
307 1327 403 1368 vocatur,
418 1325 476 1368 quod
490 1335 540 1361 vere
556 1326 576 1360 et
591 1323 681 1367 proprie
695 1324 718 1360 in
733 1323 814 1360 renatis
830 1335 878 1368 pec-

51 1401 121 1435 catum
134 1398 167 1440 sit,
179 1397 217 1435 sed
228 1397 279 1442 quia
291 1408 316 1434 ex
326 1399 416 1441 peccato
429 1399 460 1433 est
472 1399 492 1434 et
503 1397 526 1432 in
537 1398 650 1440 peccatum
662 1396 754 1433 inclinat
762 1399 786 1432 ⁵².

103 1469 193 1513 Deinde,
209 1469 304 1507 sessione
320 1471 379 1506 sexta
397 1468 429 1510 (13
445 1468 490 1506 Ian.
506 1467 565 1510 1547)
581 1468 668 1505 decreto
684 1468 710 1506 de
725 1467 878 1505 iustificatione

51 1555 61 1578 r
70 1552 178 1586 exponere
192 1541 287 1578 intendit
299 1540 400 1578 omnihus
415 1539 495 1578 Christi
507 1538 607 1577 fidelibus
622 1550 695 1577 veram
710 1550 827 1584 sanamque
842 1540 878 1577 do-

51 1615 143 1652 ctrinam
157 1614 226 1657 ipsius
241 1612 408 1655 iustificationis,
424 1623 488 1657 quam
504 1613 536 1650 sol
550 1612 645 1649 iustitiae
661 1611 759 1650 Christus
775 1612 841 1656 Iesus,
856 1611 878 1648 fi-

51 1687 84 1724 dei
99 1689 186 1725 nostrae
200 1688 275 1723 auctor
289 1689 309 1723 et
321 1687 488 1742 consummator,
504 1684 584 1727 docuit,
599 1684 692 1728 apostoli
705 1684 843 1721 tradiderunt
858 1687 878 1721 et
905 1684 908 1687 “

51 1759 158 1797 catholica
177 1758 281 1801 Ecclesia,
302 1757 385 1802 Spiritu
405 1757 483 1795 Sancto
504 1759 637 1801 suggerente,
656 1759 761 1801 perpetuo
781 1755 878 1799 retinuit,

50 1830 170 1869 districtius
185 1830 306 1868 inhibendo
320 1840 347 1867 ne
363 1829 466 1873 deinceps
482 1830 560 1867 audeat
574 1829 688 1873 quisquam
703 1829 766 1866 aliter
781 1829 876 1872 credere,

50 1904 177 1946 praedicare
191 1906 227 1940 aut
240 1903 318 1941 docere
329 1913 394 1947 quam
407 1902 517 1946 praesenti
530 1903 616 1939 decreto
631 1902 731 1939 statuitur
745 1912 770 1938 ac
783 1901 878 1938 declara·
923 1939 925 1941 .

51 1978 111 2013 tur».
126 1976 241 2012 Decretum
258 1975 355 2012 continet
372 1974 396 2011 16
413 1974 491 2019 capita,
506 1973 584 2018 quibus
602 1973 702 2011 doctrina
719 1972 827 2011 catholiea
844 1984 877 2011 ex·

50 2048 145 2091 ponitur,
162 2051 181 2085 et
197 2048 222 2085 33
237 2058 338 2091 canones,
354 2046 432 2103 quibus
449 2046 515 2083 falsae
532 2046 644 2083 doctrinae
660 2036 781 2083 reiciuntur
788 2047 813 2082 ⁵³.

99 2226 115 2248 ⁵1
129 2222 188 2255 Denz.
205 2222 237 2255 741
254 2232 280 2256 ss.

99 2287 117 2309 ⁶²
130 2283 189 2316 nenz.
205 2282 245 2317 792.

99 2347 117 2369 53
130 2343 178 2376 acta
193 2343 253 2377 huius
270 2345 364 2378 sessionis
379 2345 432 2379 edita
448 2349 495 2379 sunt
511 2347 536 2379 ab
550 2346 617 2385 Ehses,
634 2348 654 2380 in
672 2348 782 2380 Concilium
798 2349 879 2381 Triden-

53 2403 122 2437 tinum.
138 2403 172 2437 Ed.
189 2404 275 2437 Societas
290 2404 425 2445 Goerresiana,
440 2408 487 2439 tom.
503 2408 519 2439 5.
535 2405 626 2446 Frihurgi
642 2408 693 2441 1911.
708 2427 733 2432 —
749 2408 827 2448 Heiner‚
844 2409 879 2441 Dic

52 2463 296 2503 Entstehungsgeschichte
316 2465 349 2498 des
369 2465 459 2498 Trienter
478 2461 746 2506 Rechttertigungsdelrretes.
767 2468 879 2502 Padcrhorn

50 2523 102 2556 1999.
114 2541 139 2546 -
150 2523 233 2562 Riviere,
246 2524 267 2556 in
281 2526 317 2557 art.
329 2524 468 2565 Justitication,
481 2526 531 2559 Dict.
545 2526 568 2559 de
580 2527 647 2560 Theol.
661 2527 723 2568 Cath,
736 2529 754 2567 8,
767 2528 877 2564 2164-2191,

50 2601 75 2608 —
85 2584 219 2624 Hiinermann,
229 2585 299 2634 Wesen
312 2585 353 2619 und
363 2585 521 2625 Notwendiglreit
532 2587 566 2620 der
578 2587 678 2621 alitucllen
692 2589 758 2621 Gnade
771 2589 821 2622 nach
835 2590 879 2622 dem

53 2644 122 2678 llonzil
135 2654 173 2677 von
187 2645 260 2678 Trient.
274 2645 385 2679 Paderhom
400 2646 446 2679 1926
462 2646 497 2685 (ad
510 2657 551 2686 cap.
565 2647 590 2685 5).
601 2667 626 2672 -
639 2648 723 2688 Premm‚
736 2650 776 2682 Das
788 2649 880 2683 tridenti-

52 2704 119 2738 nische
136 2705 217 2744 diligere
234 2706 332 2745 incipiunt
352 2706 408 2744 (sess.
426 2707 436 2739 a
453 2717 468 2739 c.
486 2707 511 2746 6).
527 2708 577 2741 Graz
593 2708 645 2742 1925.
659 2728 685 2733 -
701 2710 721 2743 Α.
738 2709 828 2750 Prumhs,
844 2711 880 2743 Die

98 2838 192 2870 unam.
204 2855 228 2860 —
241 2838 269 2870 De
280 2838 349 2871 Gratia
362 2838 505 2877 Redemptotis.
838 2846 846 2871 4
