1952 3093
439 69 561 107 -165—

86 196 135 242 quis
146 195 193 233 siue
205 194 274 239 gratia
286 194 326 231 Dei
339 192 485 237 credentibus,
498 192 627 235 volentibus,
642 189 823 233 desiderantibus,
836 198 915 226 conan-

86 268 150 312 tibus,
162 266 319 310 laborantibus,
333 265 452 310 orantibus,
464 264 612 309 vigilantibus,
627 263 770 315 studentibus,
784 256 915 307 petentibus,

87 339 247 387 quaerentibus,
264 338 402 383 pulsantibus
419 337 483 376 nobis
501 336 676 374 misericordiam
695 335 748 374 dicit
767 334 864 373 conferri
884 333 915 371 di-

87 412 175 456 vinitus,
190 422 235 449 non
253 414 330 454 autem,
347 414 370 448 ut
388 410 508 454 credamus
523 409 622 453 velimus,
639 409 673 447 vel
688 409 742 446 haec
760 409 840 452 omnia,
858 407 915 444 sicut

88 487 179 529 oportet,
197 493 259 527 agere
276 484 392 526 valeamus,
410 494 450 527 per
465 483 600 520 infusionem
618 486 638 520 et
655 483 822 527 inspirationem
841 481 915 520 Sancti

88 556 181 601 Spiritus
195 557 218 593 in
231 556 295 594 uobis
308 555 356 593 fieri
369 555 488 602 confitetur,
503 560 524 593 et
536 559 573 594 aut
587 555 712 599 humilitati,
727 558 763 592 aut
777 554 915 592 obedieutiae

87 630 194 666 humanae
208 628 319 672 subiungit
331 628 413 672 gratiae
425 627 564 672 adiutorium,
576 638 624 672 uec,
636 630 659 664 ut
672 627 798 665 obedientes
812 630 832 665 et
845 625 915 663 humi-

87 703 118 738 les
130 701 204 743 simus,
217 700 287 744 ipsius
299 701 380 744 gratiae
394 700 474 738 donum
487 711 534 737 esse
548 700 662 745 consentit,
676 700 758 737 resistit
771 699 868 743 apostolo
884 698 915 736 di-

88 771 156 809 ceuti:
176 772 232 815 Quid
247 772 321 817 habes,
338 772 396 816 quod
412 782 457 809 non
472 772 616 815 accepisu‘tu
633 775 663 809 et:
682 771 754 810 Gratia
770 771 812 809 Dei
828 782 875 808 sum
891 771 916 808 id

88 844 146 889 quod
157 855 204 881 sum
213 856 223 880 »
232 848 256 881 ⁷⁵.
267 866 295 871 -
305 843 356 894 Can.
369 844 392 880 7:
408 843 451 881 «Si
462 843 511 888 quis
522 854 563 887 per
574 847 664 881 naturae
676 844 772 887 vigorem
784 843 866 880 bonum
878 842 915 880 ali-

88 916 147 961 quid,
160 916 219 960 quod
232 915 259 953 ad
271 916 361 953 salutem
373 916 468 960 pertinet
481 916 538 953 vitae
551 919 658 959 aeternae,
670 915 772 959 cogitare,
784 918 808 952 ut
820 914 915 959 expedit,

88 991 124 1026 aut
140 988 225 1032 eligere,
241 988 286 1024 sire
302 988 397 1032 salutari,
412 988 481 1026 idest
497 988 634 1031 evangelicae
649 987 810 1031 praedicationi
825 997 915 1024 consen-

88 1061 129 1096 tire
143 1070 207 1103 posse
223 1059 342 1103 coufirmat,
357 1059 439 1104 absque
453 1060 613 1097 illuminatione
627 1064 648 1098 et
662 1059 806 1103 inspiratione
821 1058 915 1102 Spiritus

89 1131 168 1175 Sancti,
184 1131 222 1175 qui
239 1132 275 1169 dat
290 1131 391 1168 omnibus
409 1131 536 1169 suavitatem
553 1132 576 1168 in
594 1131 751 1169 consentiendo
767 1134 788 1168 et
805 1131 915 1168 credendo

88 1203 181 1246 veritati,
200 1202 310 1240 haeretico
330 1203 414 1240 fallitur
433 1203 512 1247 spiritu
531 1214 575 1241 non
593 1203 717 1247 intelligens
736 1214 813 1241 vocem
831 1203 872 1240 Dei
892 1203 915 1239 in

88 1274 205 1318 Evangelio
220 1275 324 1311 dicentis:
343 1275 389 1312 siue
405 1286 440 1312 me
453 1275 509 1311 nihil
524 1276 615 1318 potestis
630 1276 737 1319 facerem
754 1279 774 1312 et
790 1275 845 1311 illud
859 1275 916 1318 Apo-

89 1346 149 1384 stoli:
162 1346 211 1383 Non
223 1347 286 1391 quod·
294 1346 369 1384 idonei
382 1347 449 1384 simus
461 1347 557 1391 cogitare
569 1347 652 1392 aliquid
664 1358 676 1385 a
689 1346 753 1385 nobis
765 1347 828 1391 quasi
841 1358 867 1384 ex
879 1357 916 1384 uo-

88 1418 129 1462 bis,
144 1419 183 1456 sed
197 1418 325 1456 sufficientia
340 1422 415 1457 nostra
428 1430 454 1456 ex
468 1419 513 1457 Deo
528 1422 560 1457 est
568 1432 579 1455 »
587 1422 612 1456 ⁷⁷.
626 1442 654 1447 —
668 1418 720 1457 Cau.
735 1419 758 1457 9:
775 1418 870 1456 «Divini
884 1421 917 1457 est

89 1491 191 1535 muneris,
202 1501 251 1528 cum
263 1493 283 1528 et
293 1493 351 1528 recte
363 1490 482 1535 cogitamus
493 1494 514 1528 et
525 1491 592 1535 pedes
602 1495 688 1529 nostros
700 1502 712 1529 a
722 1491 816 1529 falsitate
829 1495 849 1528 et
860 1492 916 1528 inru-

89 1562 148 1599 stitia
161 1563 307 1607 continemus;
321 1563 405 1607 quoties
419 1563 477 1601 enim
489 1563 548 1600 bona
561 1563 650 1608 agimus,
664 1564 721 1602 Deus
736 1564 759 1600 in
774 1563 837 1601 nobis
852 1566 916 1615 atque

89 1634 203 1671 nobiscum
217 1637 241 1672 ut
255 1645 371 1678 operemur
384 1638 513 1679 operatura.
529 1634 561 1673 cf.
576 1645 624 1673 cau.
640 1636 725 1681 14315;
740 1635 775 1681 163
790 1635 826 1680 203
842 1635 875 1673 22.
888 1657 917 1664 -—

89 1706 138 1743 «nc
148 1706 180 1743 sic
191 1706 309 1744 secundum
319 1717 384 1750 supra
395 1707 487 1751 scriptas
498 1695 608 1745 sacrarum
619 1707 780 1751 Scripturarum
791 1708 916 1752 sententias,

89 1779 123 1815 vel
136 1778 274 1823 antiquorum
287 1778 375 1816 Patrum
390 1778 526 1817 definitiones
539 1779 581 1816 hoc
593 1780 638 1817 Deo
651 1780 784 1824 propitiante
795 1783 818 1817 et
830 1779 917 1824 praedi-

90 1860 139 1887 care
152 1850 254 1887 dehemus
267 1853 288 1888 et
300 1850 395 1895 credere,
406 1852 465 1895 quod
477 1862 517 1895 per
528 1855 641 1895 peccatum
653 1852 721 1896 primi
733 1851 830 1890 hominis
841 1853 872 1889 ita
884 1852 916 1888 in-

89 1921 193 1963 clinatum
209 1926 229 1960 et
244 1925 377 1960 attenuatum
391 1924 458 1960 fuerit
471 1923 564 1960 liberum
580 1923 701 1967 arbitrium,
716 1926 740 1961 ut
754 1924 826 1960 nullus
840 1927 917 1967 postea

90 1997 126 2031 aut
138 1993 228 2038 diligere
239 1994 308 2032 Deum
321 1995 377 2033 sicut
390 1988 492 2039 oportuit,
506 1999 542 2032 aut
555 1996 643 2033 credere
656 1996 680 2032 in
690 1996 766 2040 Deum,
780 1996 916 2040 aut-operari

89 2069 179 2110 propter
192 2066 261 2104 Deum
275 2067 335 2112 quod
347 2067 428 2105 bonum
443 2070 481 2111 est,
496 2068 572 2112 possit,
587 2068 631 2105 nisi
646 2078 694 2105 eum
709 2068 778 2111 gratia
793 2068 916 2106 misericor-

90 2136 138 2175 diae
157 2139 245 2176 divinae
261 2139 426 2182 praevenerit».
442 2163 470 2167 —
488 2140 553 2177 «Hoc
572 2140 637 2177 etiam
656 2140 772 2178 salubriter
789 2140 916 2184 profitemur

88 2212 110 2246 et
119 2211 235 2254 credimus,
246 2211 304 2255 quod
316 2212 339 2248 iu
351 2212 411 2248 omui
422 2222 488 2255 opere
499 2211 558 2249 bono
566 2221 611 2248 non
622 2222 661 2249 uos
673 2212 799 2256 incipimus,
810 2215 831 2250 et
841 2215 916 2256 postea

89 2291 129 2323 per
144 2282 185 2319 Dei
202 2283 375 2320 misericordiam
393 2284 527 2327 adiuvamur,
544 2284 583 2321 sed
600 2285 647 2327 ipse
663 2284 728 2321 nobis
745 2285 811 2322 nullis
829 2296 916 2328 praece-

91 2352 192 2391 dentibus
205 2355 289 2392 meritis
303 2359 324 2392 et
336 2355 401 2392 fidem
413 2359 435 2392 et
449 2366 544 2394 amorem
557 2357 590 2393 sui
605 2356 666 2399 prius
680 2357 781 2400 inspirat,
794 2360 818 2394 ut
831 2360 852 2394 et
865 2357 917 2401 hap-

137 2545 155 2565 74
169 2543 177 2573 i
193 2542 230 2573 Cor
241 2543 257 2581 4,
270 2543 285 2573 l.

138 2607 155 2626 “³5
169 2603 177 2634 1
193 2603 230 2635 Cer
243 2603 271 2639 15,
284 2604 311 2635 tlt.

138 2666 155 2687 ⁷⁰
169 2663 189 2694 Io
203 2663 231 2700 15,
245 2664 261 2696 5.

138 2726 154 2747 ῖῖ
169 2723 178 2754 2
192 2723 229 2755 Cor
242 2724 258 2762 3,
273 2724 288 2756 5.
