1952 3093
396 49 518 90 -199—

46 179 181 214 luntatcmque
195 174 279 212 iustitia,
294 181 338 212 ergo
353 173 443 206 Christus
458 173 519 211 gratis
534 175 625 205 mortuus
640 175 675 205 est.
689 173 708 205 Si
723 182 758 211 per
771 172 871 204 doctrinas

45 237 147 273 hominum
162 234 313 273 qualiscumque
329 234 414 273 iustitia,
430 240 474 272 crgo
491 233 582 266 Christus
598 233 659 271 gratis
675 235 766 266 mortuus
782 234 818 264 est.
835 232 871 264 Per

46 298 96 340 qnod
106 296 159 328 enim
169 297 199 327 est
207 304 254 327 vera
264 294 349 333 iustitia,
359 304 394 332 per
402 294 439 327 hoc
449 293 511 326 ctiam
520 301 602 332 regnum
612 293 653 325 Dei.
662 293 714 326 Deus
725 302 811 332 namque
823 293 871 332 ipse,

46 358 97 399 quod
109 356 167 394 absit,
178 355 216 387 erit
227 355 321 393 iniustus,
333 354 350 387 si
363 349 441 387 adeius
453 361 535 392 regnum
546 363 603 386 verus
615 363 655 386 non
667 354 782 387 admittitur
793 353 869 386 iustus:

46 428 89 453 cum
99 419 118 448 et
130 416 197 454 ipsum
208 416 251 448 eius
262 423 343 454 regnum
355 415 434 447 iustitia
444 414 477 453 sit,
489 414 656 453 quemadmodum
666 415 762 453 scriptum
774 416 813 446 est:
828 414 871 446 Non

47 482 75 512 cst
86 484 167 515 regnum
180 475 215 507 Dei
228 485 272 508 esca
285 477 304 507 et
316 476 381 514 potus,
395 475 429 507 sed
441 474 526 514 iustitia
539 477 559 507 et
571 484 616 513 pax,
630 476 649 507 et
662 474 756 513 gaudium
763 477 796 505 1²³⁰.
811 474 871 507 Porro

47 540 62 572 si
74 545 141 570 veram
153 535 253 568 iustitiam
265 545 305 568 non
317 535 391 568 habent
402 535 469 574 impii;
482 535 571 573 proiecto
582 544 618 567 nec
630 534 681 568 alias
692 534 776 567 virtutes
789 535 871 567 comites

47 600 88 632 eins
101 599 120 629 ct
131 596 200 634 socias,
213 597 230 628 si
243 605 293 635 quas
305 595 385 634 habent,
397 605 453 628 veras
465 594 540 627 habent
554 594 612 634 (quia
624 603 669 627 cum
680 604 720 627 non
735 595 759 627 ad
771 603 829 627 suum
842 604 871 626 re-

47 659 137 692 ferantur
145 658 245 689 auctorem
256 656 308 688 dona
317 655 358 694 Dei,
368 656 405 688 hoc
414 656 458 694 ipso
469 655 517 687 mali
527 655 558 688 bis
569 657 647 687 utentes
658 655 770 687 efficiuntur
780 655 870 692 iniusti):

48 729 68 752 ac
77 727 112 757 per
121 717 158 749 hoc
166 726 201 748 nec
212 716 335 749 continentia
345 716 386 748 sive
396 715 494 755 pudicitia
503 725 549 748 vcra
558 715 622 747 virtus
633 717 663 747 est
673 715 781 754 impiorum
788 725 798 747 ›>
805 718 839 747 1⁸1.

94 778 126 810 Nr.
138 777 167 809 21.
178 776 277 809 «Noveris
289 776 363 815 itaque,
375 786 415 808 non
428 776 502 814 officiis,
515 776 549 808 sed
559 775 632 807 finibus
644 785 656 807 a
666 776 722 809 vitiis
735 775 872 808 discernendas

48 848 88 871 esse
100 838 190 870 virtutes.
204 836 293 870 Officium
305 838 335 869 est
349 839 415 869 autem
429 836 482 875 quod
495 836 608 869 faciendum
622 838 661 874 est;
675 836 720 869 finis
734 846 779 868 vero
793 838 874 875 propter

48 899 100 938 quod
113 897 226 929 iaciendum
238 900 273 930 est.
286 897 335 929 Cum
348 897 415 936 itaque
428 897 477 929 facit
489 897 548 929 bomo
563 897 639 936 aliquid
651 897 686 929 ubi
700 906 777 935 peccare
791 906 830 928 non
844 900 873 928 vi-

49 960 109 997 detur,
122 958 189 990 sinon
200 960 281 997 propter
291 957 328 989 hoc
339 957 388 990 facit
398 959 479 996 propter
489 958 543 996 quod
554 958 618 989 tacere
630 956 692 996 dehet,
704 966 782 995 peecare
793 958 874 989 convin-

49 1021 104 1052 citur.
118 1021 171 1057 Quae
182 1020 205 1049 tu
217 1028 257 1050 non
272 1018 381 1057 attendens,
393 1019 441 1050 fines
454 1019 478 1050 ab
491 1019 560 1050 officiis
572 1020 676 1057 separasti,
689 1021 708 1049 et
720 1021 804 1049 virtutes
818 1027 874 1049 veras

49 1064 112 1112 officia
125 1079 167 1111 sine
182 1078 254 1111 finibus
268 1078 397 1117 appellandas
412 1087 453 1110 esse
469 1077 543 1110 dixisti.
558 1078 587 1110 Ex
601 1087 640 1116 quo
655 1080 675 1110 te
689 1080 746 1110 tanta
761 1077 874 1110 absurditas

50 1139 144 1178 sequitur,
162 1140 184 1170 ut
201 1147 267 1171 veram
285 1138 360 1176 cogaris
379 1138 478 1177 appellare
496 1138 601 1176 iustitiam,
619 1138 680 1170 etiam
698 1138 754 1170 cuius
773 1138 874 1170 dominam

51 1200 122 1238 reperis
141 1198 252 1231 avaritiam.
271 1199 291 1232 Si
310 1198 390 1237 quidem
408 1207 479 1230 manus
500 1198 598 1230 abstinere
618 1198 642 1230 ab
661 1198 732 1236 alieno,
752 1198 769 1230 si
789 1198 875 1230 officium

50 1261 128 1298 cogites,
143 1261 208 1297 potest
223 1259 286 1291 videri
302 1268 345 1291 esse
362 1258 460 1295 iustitiae:
480 1259 513 1290 sed
530 1269 574 1291 curn
591 1258 698 1297 quaeritur,
717 1268 776 1297 quare
794 1259 838 1297 fiat,
856 1262 875 1291 et

51 1320 188 1358 respondetur:
204 1328 229 1352 ne
241 1320 287 1358 plns
301 1319 396 1358 pecuniae
410 1319 480 1351 litibus
494 1321 566 1357 pereat,
582 1319 680 1358 quomodo
695 1320 736 1351 iam
748 1319 785 1351 hoc
800 1319 876 1352 factum

50 1389 106 1412 verae
119 1379 193 1418 poterit
208 1388 250 1412 esse
264 1379 360 1418 iustitiae,
375 1389 420 1412 cum
435 1379 508 1411 serviat
524 1379 630 1412 avaritiae?
645 1379 716 1418 Quales
732 1380 816 1412 virtutes
830 1380 876 1419 Epi-

51 1450 108 1472 curus
122 1440 202 1472 induxit
216 1439 326 1478 voluptatis
341 1440 430 1478 ancillas,
446 1449 496 1479 quae
512 1440 593 1472 omnino
610 1440 707 1479 quidquid
722 1440 815 1477 tacerent,
831 1450 876 1479 pro-

51 1503 94 1538 pter
106 1500 163 1532 illam
176 1499 207 1531 vel
221 1499 368 1539 adipiscendam
382 1500 469 1532 facerent
481 1499 513 1531 vel
527 1500 637 1532 tenendam.
652 1499 708 1532 Absit
722 1502 788 1532 autem
802 1502 824 1532 ut
837 1500 876 1532 vir-

51 1563 103 1592 tutes
119 1569 176 1592 verae
191 1561 284 1599 cuiquam
301 1559 393 1599 serviant,
410 1560 450 1592 nisi
467 1560 498 1591 illi
513 1561 544 1592 vel
561 1562 640 1599 propter
656 1560 714 1593 illum
731 1561 762 1592 cui
780 1560 874 1593 dicimus:

52 1620 102 1652 Deus
117 1620 221 1659 virtutum,
235 1622 325 1652 converte
341 1623 418 1653 nosffl.
433 1620 517 1652 Proinde
531 1621 614 1652 virtutes
631 1630 681 1659 quae
696 1620 809 1653 carnalibus
825 1621 877 1653 delc-

52 1681 178 1717 dationibus,
194 1681 225 1712 vel
238 1681 350 1719 quibusque
365 1680 474 1713 commodis
489 1684 508 1712 et
523 1680 662 1713 emolumentis
677 1680 821 1719 temporalibus
838 1691 877 1713 ser-

52 1741 114 1778 viunt,
127 1750 185 1772 verae
197 1750 278 1778 prorsus
292 1750 386 1773 essenon
400 1742 489 1779 possunt.
503 1740 557 1779 Quae
571 1743 637 1773 autem
650 1741 702 1774 nulli
716 1741 744 1773 rei
759 1741 831 1774 servire
844 1752 877 1774 vo-

53 1800 102 1839 lunt,
113 1810 148 1832 nec
159 1801 213 1838 ipsae
223 1810 280 1833 verae
292 1802 344 1833 sunt.
354 1800 415 1833 Verae
427 1801 499 1840 quippe
511 1802 594 1833 virtutes
606 1801 645 1833 Deo
657 1801 747 1833 serviunt
758 1801 778 1833 in
790 1801 878 1834 homini-

53 1860 95 1899 bus,
106 1871 117 1892 a
129 1870 167 1899 quo
178 1860 277 1893 donantur
288 1860 412 1899 hominibus;
425 1861 464 1893 Deo
476 1862 565 1893 serviunt
576 1861 597 1893 in
609 1861 694 1899 Angelis,
707 1871 766 1900 aquo
779 1862 879 1894 donantur

54 1923 72 1952 ct
86 1921 171 1959 Angelis.
186 1920 287 1960 Quidquid
302 1922 368 1953 autem
381 1921 429 1953 boni
443 1921 465 1953 fit
480 1921 504 1953 ab
519 1921 605 1960 homine,
620 1924 640 1953 et
652 1931 692 1954 non
707 1924 788 1960 propter
801 1921 838 1955 hoc
851 1922 878 1960 fit,

54 1983 133 2019 propter
149 1980 201 2019 quod
217 1981 258 2013 fieri
274 1980 343 2013 debere
359 1990 406 2014 vera
421 1981 521 2020 sapientia
537 1982 638 2020 praecipit,
654 1982 691 2014 etsi
708 1981 771 2014 officio
788 1981 880 2015 videatur

53 2040 133 2079 bonum,
145 2041 188 2079 ipso
202 2050 242 2073 non
254 2043 306 2073 recto
318 2041 356 2073 fine
368 2043 469 2080 peccatum
483 2044 518 2073 est.
533 2042 573 2080 (22)
587 2042 673 2074 Possunt
686 2049 731 2080 ergo
746 2042 814 2081 aliqua
826 2043 880 2075 bona

54 2100 101 2139 fieri,
113 2111 153 2133 non
166 2101 216 2133 bene
229 2101 349 2134 facientibus
363 2111 374 2134 a
387 2102 459 2141 quibus
472 2101 527 2134 fiunt.
541 2102 617 2134 Bonum
630 2104 660 2134 est
673 2103 726 2135 enim
740 2104 763 2134 ut
775 2102 880 2136 subvenia-

55 2163 87 2193 tur
101 2161 178 2193 homini
193 2161 321 2200 periclitanti,
335 2162 452 2200 praesertim
467 2162 577 2194 innocenti:
594 2162 629 2194 sed
643 2161 679 2195 ille
692 2163 726 2201 qui
742 2162 779 2195 hoc
793 2163 848 2202 facit,
862 2164 879 2196 si

56 2222 140 2254 amando
153 2221 237 2259 gloriam
252 2221 357 2253 hominurn
370 2222 433 2260 magis
446 2231 507 2261 quam
521 2222 557 2254 Dei
572 2222 626 2260 tacit,
641 2231 681 2254 non
696 2222 745 2255 bene
760 2223 835 2256 bonum
851 2224 880 2256 fa-

55 2281 90 2319 cit;
104 2281 152 2320 quia
164 2290 204 2313 non
217 2282 280 2314 bonus
293 2281 347 2320 tacit,
359 2282 412 2321 quod
423 2291 463 2314 non
476 2281 529 2315 bona
540 2282 643 2315 voluntate
655 2281 710 2315 tacit.
723 2283 780 2315 Absit
793 2284 846 2315 enim
859 2287 881 2316 ut

56 2341 82 2372 sit
92 2342 123 2373 vel
135 2341 212 2373 dicatur
222 2342 315 2374 voluntas
325 2341 383 2381 bona,
394 2351 445 2381 quae
455 2342 476 2374 in
488 2341 540 2382 aliis,
550 2342 582 2374 vel
591 2342 612 2374 in
622 2352 642 2375 se
653 2341 703 2382 ipsa,
713 2353 753 2375 non
764 2343 784 2375 in
796 2343 880 2377 Domino

56 2401 158 2437 gloriatur.
170 2401 196 2437 Ac
207 2411 241 2439 per
250 2402 287 2433 hoc
299 2411 334 2433 ncc
344 2401 387 2434 eius
397 2401 474 2434 tructus
486 2402 524 2434 iste
536 2402 629 2434 dicendus
641 2404 680 2441 est;
694 2403 752 2436 arbor
763 2403 816 2435 enim
828 2405 882 2436 mala

56 2460 118 2493 bonos
129 2462 206 2493 fructus
218 2471 258 2493 non
269 2461 327 2499 tacit3
339 2461 373 2493 scd
385 2462 452 2500 potius
464 2461 538 2494 bonum
550 2464 641 2501 opusest
653 2462 715 2501 illius,
728 2464 762 2502 qui
775 2464 836 2496 ctiam
848 2475 882 2503 per

105 2591 132 2612 18⁰
146 2588 195 2620 Rom
212 2589 240 2624 14.
256 2588 284 2620 17.

105 2651 131 2673 1⁸1
144 2648 178 2680 111,
189 2648 217 2686 44,
229 2648 263 2681 745
274 2658 289 2680 s.

105 2711 132 2733 282
145 2708 170 2740 Ps
183 2708 210 2746 79,
223 2709 239 2740 8.
