1952 3093
430 65 509 105 „2347
516 89 551 96 a..

73 186 311 234 peccatum-praecedit
325 187 526 226 natura‘etsordiue
541 186 686 231 privationem
700 185 782 230 gratiae
796 182 897 228 efficacis,

75 261 124 298 ideo
135 270 210 297 verum
223 263 255 298 est
265 259 338 297 dicere
348 259 459 297 hominem
470 256 553 303 privari
566 259 635 303 gratia
645 257 734 302 efficaci,
746 257 797 303 quia
809 262 900 301 pecean-

75 334 102 371 do
117 332 233 370 sufficienti
248 331 335 375 resistit,
352 341 396 369 non
409 342 462 369 vero
478 342 576 375 peecare,
591 331 641 376 quia
657 330 756 375 privatur
772 324 841 373 gratia
858 328 899 366 effi-

75 404 173 442 cacixa.
190 403 250 442 «Per
265 403 357 448 gratiam
371 403 512 441 sufficientem
528 403 640 440 entitative
656 405 764 446 sumptam
780 402 846 439 homo
862 405 900 445 pu-

75 477 137 514 nitur
149 476 172 512 in
188 479 244 513 statu
261 486 304 513 non
321 476 434 519 peccandi,
450 458 491 513 sed
505 487 543 513 suo
561 473 646 513 deiectu
663 475 720 512 sistit
736 474 800 512 huius
818 474 899 518 gratiae

76 559 169 593 cursum,
185 548 280 592 etfacit,
296 548 355 592 quod
370 551 479 585 remaneat
496 558 554 585 mere
570 547 734 585 sufficiensxffl„

122 620 156 659 ·Ut
171 622 241 658 autem
256 619 310 657 haec
322 620 399 657 ultima
415 622 472 657 recte
488 620 642 664 intelligantur,
659 618 799 657 recolendum
815 621 852 661 est,
869 629 899 655 se-

75 692 170 730 eundum
182 692 224 730 hoe
236 695 329 736 systema
340 692 457 736 hominem,
469 695 492 729 ut
504 692 574 736 possit
584 702 666 736 ponere
678 694 750 729 aetum
761 691 854 729 liberum
868 701 899 727 re-

76 764 186 802 sistentiae
206 767 288 802 eontra
302 764 405 808 gratiam„
421 764 519 808 indigere
541 763 779 808 praedeterminatione
797 757 899 807 physica

75 836 462 879 Deum**debere'uraedeterminare
484 837 511 873 ad
533 836 643 873 materiale
664 836 749 878 peceati
770 835 900 873 formalis⁶⁵.

76 909 131 953 Ergo
147 909 177 946 ita
194 920 228 946 res
244 911 275 946 est
290 908 445 953 concipienda:
464 909 521 946 Deus
537 909 626 946 confert.
637 908 721 946 homini
738 908 829 951 gratiam
846 906 901 945 suffi-

77 981 181 1020 cientem:
200 981 292 1018 eundem
309 980 419 1018 hominem
435 981 619 1024 praedeterminat
636 980 664 1017 ad
681 979 792 1017 materiale·
809 978 901 1023 peccati,

78 1063 119 1097 quo
129 1052 182 1089 huie
194 1053 380 1096 gratiaeresistit:
391 1053 458 1090 homo
467 1050 588 1090 formaliter
600 1054 685 1097 peceat3
699 1052 741 1089 hoe
752 1054 842 1096 peceato
855 1050 902 1089 r'e'd·

80 1124 113 1162 dit
126 1125 217 1168 gratiam
233 1135 291 1162 mere
304 1124 458 1169 :sufficientem3
474 1125 607 1168 inpoenam
622 1124 686 1161 huius
703 1123 787 1168 peceati
804 1123 903 1167 privatur

78 1196 146 1240 gratia
161 1196 249 1242 efficaci,
264 1207 306 1241 qua
321 1197 555 1240 praedeterminaretur
571 1197 684 1234 adactum
699 1196 827 1234 salutarem:
866 1201 867 1204 ’

131 1267 163 1304 Ex
174 1268 239 1305 dictis
251 1272 320 1312 patet:
334 1269 403 1312 gratia
414 1268 522 1306 sufficiens
535 1272 557 1306 et
566 1268 635 1312 gratia
648 1268 723 1306 efficax
734 1267 866 1305 intrinsecus
879 1267 901 1304 in

79 1350 116 1377 sua
128 1340 217 1377 entitate
228 1339 341 1384 differunt;
353 1340 422 1384 gratia
432 1340 507 1378 efficax
520 1352 545 1377 ex
557 1341 644 1378 interna
655 1351 693 1378 sua
701 1343 782 1377 natura
793 1350 842 1377 oum
854 1342 903 1377 actu

79 1412 168 1453 salutari
176 1412 299 1451 :coniuncta
316 1416 353 1456 est,
371 1423 419 1449 cum
436 1413 464 1449 sit
480 1412 686 1455 praedeterminatio
704 1412 732 1449 ad
746 1412 808 1449 illum
825 1406 903 1449 actum‘.

77 1484 132 1529 Ergo
144 1485 164 1522 si
178 1485 261 1522 duobus
275 1485 407 1529 hominihus,
420 1486 473 1522 vlieet
487 1486 581 1523 maxime
595 1486 652 1522 inter
667 1496 689 1522 se
704 1484 812 1527 differant,
828 1484 903 1522 eadem

79 1556 150 1601 gratia
163 1555 237 1595 efficax
254 1556 322 1599 datur,
336 1557 360 1593 in
373 1559 464 1602 utroque
479 1560 539 1595 actus
551 1557 653 1595 'salutaris
668 1557 774 1602 aequitum
790 1551 840 1601 ergo
855 1567 904 1594 eum

80 1627 154 1672 gratia,
170 1638 219 1666 eum
233 1639 275 1673 qua
290 1629 326 1665 hic
342 1630 481 1673 convertitur,
497 1630 588 1673 quilibet
601 1630 667 1667 homo
682 1626 823 1667 convertitur.

107 1718 109 1720 ·
134 1700 192 1744 Quid
204 1700 230 1738 de
243 1700 284 1738 hae
294 1701 405 1738 sententia
418 1701 548 1739 dicendum?
562 1702 674 1745 Quomodo
688 1713 710 1738 se
722 1701 788 1739 hauet
802 1702 829 1739 ad
843 1701 904 1746 quin-

81 1783 122 1816 que
135 1772 236 1810 veritates
252 1777 342 1816 supra‘ffi
356 1773 477 1811 indicatas?

156 1844 181 1886 lt
194 1844 230 1882 Uti
246 1844 269 1881 in
284 1847 376 1882 tractatu
393 1845 419 1882 de
435 1846 480 1883 De'o
495 1855 538 1883 uno
555 1845 624 1883 fusius
639 1846 754 1889 probatum
771 1849 808 1891 est,
825 1845 848 1883 in
864 1846 906 1884 hac

81 1916 187 1954 sententia
202 1926 246 1954 non
257 1920 335 1954 'manet
349 1916 387 1954 illa
403 1917 502 1955 voluntas
519 1918 564 1955 Dei>
576 1917 671 1955 salvifica
687 1917 823 1962 universalis,
841 1930 905 1963 quam

82 1988 184 2026 exhibent
200 1989 277 2032 fontes,
292 1999 347 2033 quae
363 1989 447 2027 seilicet
462 1990 591 2027 universalis
607 1993 638 2027 est
654 1990 677 2027 in
693 1990 753 2027 omni
770 1989 831 2034 signo
848 1994 906 2028 ante·-

82 2061 171 2099 eedente
184 2060 270 2098 finalem
283 2061 480 2106 impoenitentiam
494 2063 593 2100 voluntas
608 2062 703 2100 salvifica
717 2066 787 2100 cessat
800 2073 846 2101 esse
860 2063 907 2100 uni-

83 2132 172 2170 versalis
189 2134 211 2169 in
228 2144 252 2171 eo
269 2133 337 2177 signo,
352 2134 374 2169 in
391 2145 433 2177 quo
448 2133 504 2171 Deus
521 2134 604 2178 aliquos
620 2134 728 2172 exclusive
745 2135 804 2178 eligit
821 2136 848 2173 ad
864 2136 907 2179 glo-

82 2204 136 2241 riam
143 2208 170 2242 ⁶².-

131 2370 148 2391 tss
156 2366 237 2399 'Ibidem
250 2370 285 2400 art.
299 2367 309 2399 4
321 2367 346 2400 ad
358 2366 428 2400 ohieet.
441 2367 457 2399 1.

131 2430 148 2451 84
161 2426 210 2459 lhid.
225 2426 249 2459 ad
264 2426 333 2460 obieet.
348 2426 364 2460 3.
395 2438 396 2441 ¹

130 2490 147 2511 ⁶⁴5
160 2486 187 2518 De
203 2486 239 2519 hae
254 2496 274 2518 re
291 2486 364 2519 dictum
382 2490 410 2519 est
425 2487 452 2520 De
467 2488 506 2520 Deo
523 2498 562 2520 uno
578 2487 627 2520 thes.
644 2489 660 2526 a,
676 2488 710 2521 uhi
727 2489 787 2521 etiam
804 2491 905 2521 ostensum

83 2549 117 2587 est,
131 2557 171 2580 non
185 2548 224 2581 nisi
239 2535 368 2588 relinquendo
382 2548 447 2587 ipsum
460 2550 547 2587 systema
559 2548 673 2587 responderi
686 2549 710 2581 ad
724 2557 805 2588 magnas
820 2548 908 2581 diiiieul-

83 2610 140 2647 tates,
155 2618 205 2648 quae
218 2618 242 2641 ex
254 2608 291 2641 tali
306 2608 395 2641 doctrina
408 2608 505 2641 oriuntur.

130 2672 148 2693 a
162 2668 206 2707 rag.
222 2668 262 2702 343.
525 2655 527 2658 ’

132 2732 148 2753 ⁶⁷
162 2729 189 2761 De
205 2729 245 2761 Deo
262 2739 307 2768 uno,
324 2729 374 2762 thes.
391 2728 422 2767 13;
442 2729 469 2761 14.
