1952 3093
429 46 542 84 -375-

63 177 113 203 vera
127 166 218 203 confert.
232 166 279 203 Non
293 169 362 204 autem
375 167 435 204 omni
448 170 557 204 momento
571 178 619 204 eum
632 167 712 205 excitat
725 168 756 204 ad*
767 167 890 205 conversio-

64 249 118 283 nem,
136 239 168 275 uti
187 239 321 282 experientia
339 240 423 283 probat,
442 240 479 277 sed
497 251 555 277 «suo
574 243 690 283 ternpore»
709 240 743 277 vel
762 250 821 283 «pro
839 243 890 277 tem-

65 322 116 355 pore
125 324 143 354 »,
156 311 188 348 uti
203 311 247 348 dici
261 312 321 355 solet,
334 312 421 356 quando
436 324 452 349 e.
466 322 497 355 gr.
511 316 572 356 urget
584 316 724 356 praeceptum
736 313 890 357 poenitentiae,

64 384 151 427 quando
168 386 303 428 opportunae
319 385 445 421 occasiones
460 385 545 427 adsunt,
560 385 695 428 praedicatio
711 386 745 422 vel
762 384 848 422 similia.

92 469 93 472 ¹
119 455 232 494 «Gratiam
248 456 395 494 sufficientem
404 468 426 493 »:
443 440 490 493 Non
505 457 628 494 affirmatur
642 469 688 494 eam
701 457 792 501 gratiam
806 467 892 500 semper

65 540 110 565 esse
129 529 228 572 proxime
246 528 394 582 sufficientem
411 529 439 566 ad
456 529 642 572 iustificationem,
661 530 699 567 sed
717 531 792 566 saltem
811 533 843 566 est
860 539 892 566 re-

66 604 121 639 mote
138 601 259 645 sufficiens,
276 604 299 638 ut
314 601 384 644 possit
400 604 502 644 peccator
518 612 580 638 orare
596 606 617 639 et
632 613 654 639 se
669 602 696 638 ad
712 601 891 647 iustificationem

66 673 188 717 disponere.

119 746 213 790 Negatur
232 746 299 784 thesis
319 746 349 783 uti
370 750 428 789 patet
448 746 474 783 ab
494 746 528 790 iis,
546 747 583 790 qui
604 750 683 790 negant
702 746 834 783 voluntatem
852 745 891 782 Dei

67 813 187 856 salvificam
206 819 357 862 universalem,
375 818 406 856 uti
425 818 512 861 Luther‚
532 817 614 862 Galum,
633 818 755 863 lansenius3
776 821 838 855 antea
858 828 893 854 ne-

42 893 43 896 ’
66 891 162 935 gebatur,
176 894 199 927 ut
214 901 279 934 supra
295 891 427 934 dictumest,
441 902 453 928 a
465 890 564 934 pluribus
578 889 719 927 hannezianis
734 890 800 927 relate
814 890 840 927 ad
856 889 893 926 ali-

66 974 120 1007 quos
135 964 287 1001 antecedenter
301 963 399 1007 negative
414 963 551 1008 reprobatum
566 963 632 1000 hodic
647 962 733 1000 videtur
747 962 814 999 thesis
830 971 893 999 sensu

67 1035 192 1079 universali,
210 1045 259 1079 ergo
277 1035 410 1072 includendo
428 1036 492 1073 etiam
510 1035 634 1078 obduratos,
652 1046 698 1072 esse
715 1034 821 1071 sententia
837 1043 894 1070 com·

68 1108 139 1144 munis
154 1111 174 1145 et
187 1103 251 1144 certa.

389 1254 439 1290 Doc.
453 1252 574 1290 Eccinsmn

123 1396 187 1435 Cone,
208 1406 359 1434 turonaunusn
378 1397 416 1434 IV:
444 1397 485 1434 (Et
504 1398 523 1435 si
542 1402 589 1442 post
611 1399 771 1442 susceptionem
792 1399 894 1442 baptismi

70 1470 181 1514 quisquam
199 1470 313 1513 prolapsus
328 1469 429 1507 fueritin
445 1473 565 1514 peccatum,
580 1482 620 1514 per
635 1481 708 1508 veram
723 1473 795 1514 potest
810 1479 896 1515 semper

70 1542 225 1585 poenitentiam
247 1542 396 1585 repararisu.
415 1542 470 1587 Ergo
490 1542 642 1580 universaliter
663 1543 754 1580 dieitur:
776 1543 889 1588 quisquam

70 1618 141 1656 polest
154 1626 239 1658 semper
253 1615 360 1659 reparari3
375 1625 418 1652 non
434 1618 504 1652 autom
518 1619 597 1658 posset,
612 1615 630 1652 si
644 1626 687 1652 nou
702 1615 792 1653 haberet
805 1615 895 1659 gratiam

71 1686 224 1725 sufficientem.
241 1710 271 1716 -‡
285 1686 410 1725 Cunctorum
428 1698 513 1732 quoque
530 1697 680 1724 rmnuurruuru
698 1688 851 1724 universaliter
866 1688 896 1724 lo-

71 1759 144 1803 quitur
153 1760 179 1797 de
187 1763 322 1797 sacramento
331 1760 478 1803 poenitentiae
489 1772 499 1795 «
508 1770 548 1804 pro
557 1760 667 1802 fidelibus,
678 1759 761 1803 quoties
768 1763 819 1809 post
827 1759 897 1803 bapti-

71 1818 140 1869 emum
151 1833 174 1869 in
186 1835 276 1875 peccata
286 1831 395 1875 labuntur,
406 1832 449 1875 ipsi
461 1832 505 1869 Deo
518 1831 705 1868 reconciliandis»
714 1835 739 1867 1⁸.
750 1831 897 1875 -Praecipit

72 1903 168 1942 Ecclesia
185 1903 285 1942 omnibus
302 1904 381 1941 adultis
398 1915 490 1941 annnam
509 1904 669 1941 contessionem
686 1907 706 1941 et
722 1903 897 1941 communionem

72 1980 168 2020 tempore
182 1976 280 2020 paschali
288 1980 312 2019 1⁹,
328 1986 377 2020 ergo
391 1977 494 2020 supponit
507 1987 593 2014 omnem
608 1979 744 2020 peccatorem
757 1976 837 2012 habere
852 1985 898 2019 gra-

72 2048 123 2086 tiam
138 2049 165 2086 ad
179 2052 294 2092 praecepta
309 2049 344 2085 illa
361 2049 478 2092 implenda,
494 2049 521 2085 ad
537 2048 708 2085 conversionem.

409 2243 428 2280 S.
448 2243 566 2279 semerom

128 2387 147 2424 S.
161 2386 273 2429 Scriptura
284 2396 358 2423 omnes
370 2388 494 2428 peccatores
508 2386 606 2422 hortatur
619 2386 647 2422 ad
660 2384 816 2428 poenitentiam
830 2385 899 2428 iisque

75 2458 182 2501 promittit
196 2450 353 2501 remissionem,
368 2458 426 2494 nulla
442 2458 499 2494 iacta
514 2457 651 2494 restrictione
666 2457 700 2493 vel
714 2457 848 2501 exceptione.

123 2596 140 2617 1⁷
153 2592 206 2625 Deuz
219 2591 259 2625 430.

123 2656 141 2678 1⁸
153 2653 206 2704 Denz
220 2652 260 2686 911.

124 2717 142 2739 1⁹
154 2714 207 2747 Denz
221 2712 261 2753 437,
275 2713 315 2752 891,
328 2713 368 2752 901,
382 2713 422 2747 918.
