1952 3093
454 28 575 67 „26⁰-

109 166 126 192 2*
151 152 187 189 ‘Ex
203 152 267 189 dictis
283 155 347 195 patet,
363 163 402 189 cur
416 153 470 188 haec
484 153 645 195 perseverantia
659 152 705 188 iure
721 161 822 195 magnum
836 151 876 189 Dei
891 152 927 189 do-

103 235 155 261 num
169 224 260 267 dicatur,
273 224 331 268 quod
344 235 388 261 non
402 225 450 268 ipsa
464 223 616 262 iustificatione
631 227 654 261 ut
668 225 706 260 tali
721 224 842 261 confertur:
861 223 879 265 1)
896 224 927 261 ra-

103 296 161 334 tione
173 297 347 340 perseverantiae
358 297 468 340 passivae:
480 296 530 332 finis
542 296 599 333 vitae
611 296 706 341 hominis
718 300 749 334 est
761 296 799 333 sub
812 295 927 340 providen-

103 369 133 406 tia
148 369 231 412 divina3
246 369 272 405 ab
287 369 376 406 homine
392 378 435 406 non
451 368 537 412 pendet,
552 369 610 413 quod
626 379 674 406 cum
690 368 755 405 sitin
772 371 828 405 statu
843 369 927 412 peccati

104 441 201 478 mortalis
213 451 256 477 non
269 441 380 486 moriatur,
392 442 430 478 sed
440 441 461 477 ei
472 444 556 484 tempus
569 441 597 477 ad
608 440 784 478 iustificationem
795 441 866 478 adhuc
878 451 928 477 con·

104 513 193 550 cedatur
203 516 223 551 et
232 513 290 557 quod
301 513 380 550 deinde
390 514 412 549 in
423 512 492 557 gratia
503 513 617 558 moriatur;
628 513 648 555 2)
660 512 743 550 ratione
754 513 928 556 perseverantiae

104 585 197 622 activae:
212 585 239 621 ad
250 595 314 628 posse
325 595 464 628 perseverare
476 585 518 621 iam
529 585 623 627 speciale
634 584 738 622 auxilium
750 585 848 621 divinum
859 584 928 628 requi-

105 657 169 701 ritur;
183 657 229 693 sine
243 656 309 693 dubio
323 660 393 693 autem
404 658 466 700 longe
479 657 547 693 maius
560 656 688 696 heneficium
702 659 734 693 est
746 657 847 700 accipere
859 667 871 693 a
883 656 928 693 Deo

96 722 98 725 ’
104 729 184 772 gratias
202 739 250 766 cum
267 728 345 772 quihus
362 740 405 766 non
422 729 491 767 solum
506 739 645 771 perseverare
662 731 738 771 potest,
755 738 798 766 non
816 731 886 765 autem
903 728 928 765 de

105 800 162 838 lacto
174 801 323 845 perseverabit
339 801 428 844 (gratiae
442 811 491 837 rere
505 804 526 837 et
539 811 596 838 mere
610 800 755 843 sufficientes),
770 801 808 837 sed
821 812 870 837 cum
883 800 928 844 qui-

105 874 145 910 bus
159 874 185 911 de
197 874 254 910 tacto
267 873 426 917 cooperabitur,
440 876 552 916 peccatum
566 873 643 910 vitabit
657 876 677 910 et
688 876 812 916 perseverat
825 873 929 917 ingratia

109 945 198 989 (gratiae
214 944 330 990 efficaces);
345 945 365 987 3)
382 945 433 983 addi
449 948 520 988 potest
536 945 637 989 specialis
654 945 799 989 providentia,
815 956 856 989 qua
873 945 929 981 Deus

106 1018 216 1055 hominem
229 1017 323 1054 liberum
337 1021 408 1055 servat
423 1029 434 1054 a
449 1017 610 1060 tentationibus,
625 1016 703 1061 quibus
719 1017 877 1060 succumberet;
892 1017 929 1054 sed

106 1090 147 1127 hoc
160 1091 231 1134 aliqua
245 1090 328 1127 ratione
341 1090 368 1126 ad
382 1089 401 1131 2)
416 1089 491 1126 reduci
504 1092 581 1132 potest.

159 1162 306 1199 Adversantur
325 1161 381 1198 thesi
400 1164 486 1205 praeter
504 1161 629 1205 pelagianos
649 1161 819 1205 semipelagiani,
838 1172 929 1205 quorum

107 1234 235 1271 sententiam
250 1233 345 1270 Hilarius
361 1233 391 1270 ita
406 1233 426 1271 S.
439 1232 559 1276 Augustino
574 1232 673 1277 exponit:
693 1232 774 1276 «Quod
787 1236 860 1270 autem
876 1233 930 1270 dicit

107 1306 213 1343 Sanctitas
226 1308 269 1348 tua,
283 1305 393 1342 neminem
406 1315 552 1349 perseverare,
565 1305 608 1342 nisi
621 1304 775 1349 perseverandi
789 1305 868 1343 virtute
882 1315 930 1348 per-

107 1380 175 1421 cepta,
188 1378 293 1415 hactenus
305 1378 422 1420 accipiunt,
436 1380 459 1413 ut
470 1377 548 1421 quibus
562 1378 629 1420 datur,
643 1377 709 1413 inerti
721 1377 777 1419 licet,
791 1377 930 1420 praecedenti

107 1453 178 1487 tamen
191 1449 281 1493 proprio
296 1449 387 1486 arbitrio
401 1448 516 1493 tribuatur;
531 1449 588 1493 quod
602 1449 683 1486 adhoc
697 1452 780 1485 tantum
793 1449 886 1486 liberum
900 1459 930 1485 as-

108 1524 187 1566 serunt,
198 1523 222 1559 ut
231 1521 283 1558 velit
292 1521 326 1558 vet
336 1521 390 1558 nolit
401 1520 514 1558 admittere
526 1521 663 1558 medicinam.
675 1519 786 1558 Caeterum
798 1524 818 1557 et
827 1521 870 1564 ipsi
882 1520 930 1558 abo·

108 1594 187 1630 minari
199 1604 221 1631 se
233 1596 253 1630 et
267 1593 369 1629 damnare
381 1595 492 1636 testantur,
506 1593 523 1628 si
537 1592 585 1636 quis
598 1593 716 1636 quidquam
730 1593 809 1629 virium
823 1593 845 1631 iu
859 1592 930 1636 aliquo

111 1668 245 1708 remansisse,
264 1677 306 1709 quo
326 1666 353 1702 ad
373 1666 486 1702 sanitatem
505 1665 607 1708 progredi
627 1665 702 1708 possit,
721 1664 835 1702 existimet.
854 1663 934 1701 Nolunt

109 1741 179 1775 autem
194 1739 224 1775 ita
239 1737 296 1774 hanc
311 1736 496 1781 perseverantiam
510 1737 640 1781 praedicari,
654 1739 678 1773 ut
693 1747 737 1773 non
753 1737 789 1773 vel.
803 1736 931 1780 suppliciter

109 1810 206 1853 emereri,
218 1810 251 1846 vel
265 1810 334 1846 amitti
347 1808 504 1846 contumaciter
516 1809 590 1852 possit.
602 1809 646 1846 Nec
658 1808 685 1845 ad
697 1809 804 1846 incertum
815 1808 931 1846 voluntatis

109 1883 148 1919 Dei
163 1882 241 1919 deduci
256 1892 278 1918 se
292 1882 373 1924 volunt,
388 1868 426 1918 ubi
441 1880 472 1916 eis
487 1884 590 1924 quantum
606 1884 682 1924 putant
698 1881 725 1917 ad
740 1880 882 1917 obtinendum
898 1881 932 1917 vel

110 1953 273 1997 admittendum,
294 1953 382 1990 evidens
404 1955 436 1989 est
455 1953 602 1996 qualecunque
623 1952 710 1988 initium
731 1953 854 1989 voluntatis.
876 1951 932 1988 Illud

110 2025 174 2062 etiam
190 2025 344 2069 testimonium,
360 2025 418 2068 quod
434 2024 537 2066 posuisti:
555 2024 636 2067 Raptus
653 2026 684 2061 est
700 2034 727 2060 ne
743 2024 826 2061 malitia
841 2026 933 2068 mutaret

110 2097 242 2133 intellectum
256 2096 301 2133 eius
309 2099 333 2138 ⁹³,
345 2099 453 2140 tamquam
466 2105 510 2132 non
523 2096 651 2132 canonicum
665 2095 770 2132 definiunt
783 2095 932 2133 omittendum.

110 2169 172 2206 Unde
187 2169 245 2204 illam
259 2168 426 2210 praescientiam
441 2167 472 2203 sic
487 2167 604 2210 accipiunt,
620 2171 642 2204 ut
657 2170 747 2210 propter
760 2166 825 2204 fidem
839 2167 932 2204 futuram

110 2239 244 2284 intelligendi
258 2240 301 2276 sint
312 2240 425 2283 praesciti:
441 2250 480 2275 nec
494 2239 592 2287 cuiquam
606 2240 670 2276 talem
684 2239 731 2275 dari
743 2239 932 2282 perseverantiam,

111 2324 122 2348 a
136 2323 177 2356 qna
190 2322 233 2348 non
247 2312 384 2354 permittatur
397 2311 550 2354 praevaricari,
564 2312 601 2347 sed
615 2322 626 2347 a
639 2321 680 2355 qua
691 2311 761 2353 possit
775 2322 811 2347 sua
824 2312 932 2347 voluntate

112 2383 202 2420 deficere
219 2386 239 2420 et
254 2382 392 2419 infirmari..⁴
410 2382 521 2420 Caeterum
537 2382 697 2426 quidquidlibet
713 2383 815 2419 donatum
830 2383 858 2419 sit
874 2393 933 2425 prae·

112 2455 231 2498 destinatis,
246 2455 269 2492 id
284 2466 348 2497 posse
362 2459 382 2493 et
397 2454 467 2491 amitti
481 2457 501 2490 et
515 2455 604 2491 retineri
619 2454 708 2498 propria
722 2454 831 2492 voluntate
847 2456 934 2492 conten-

113 2528 174 2571 dunt;
186 2527 244 2571 quod
256 2530 306 2563 tunc
318 2527 395 2579 falsum
408 2529 469 2568 esset,
483 2526 500 2562 si
513 2536 587 2562 verum
599 2529 700 2569 putarent
713 2537 759 2563 eam
771 2526 875 2569 quosdam
887 2536 934 2569 per-

160 2694 177 2714 93
203 2690 240 2728 Sap
254 2690 270 2728 4,
282 2690 310 2721 11.
