1952 3093
434 32 542 71 „20-

79 168 205 210 asserentes,
215 166 282 203 variis
293 166 377 211 sibique
389 167 505 204 contrariis
518 171 572 204 sunt
580 151 690 205 erroribus
702 168 801 207 involuti.
813 168 835 206 Si
847 169 907 206 enirn

81 239 199 276 dixerimus
219 242 317 277 nostrum
338 250 384 277 esse
403 239 473 277 bonae
493 240 628 284 principium
649 241 772 285 voluntatis,
792 241 845 286 quid
866 242 907 279 luit

80 312 103 347 in
119 315 257 356 persecutore
275 312 348 357 Paulo,
365 313 419 358 quid
436 314 459 350 in
476 313 593 357 publicano
611 313 725 358 Matthaeo,
743 325 835 358 quorum
851 325 907 352 unus
932 327 934 330 ⁴

81 384 153 422 cruori
169 394 193 421 ac
208 384 323 428 suppliciis
338 384 485 430 innocentum,
502 385 556 422 alius
572 385 682 423 violentiis
696 396 723 423 ac
737 386 822 430 rapinis
836 386 907 431 publi-

81 457 113 493 cis
124 457 230 495 incubans
244 458 360 495 attrahitur
371 459 398 495 ad
412 458 515 496 salutem?
529 458 566 496 Sin
579 470 630 496 vero
644 460 713 502 gratia
726 459 766 496 Dei
778 470 863 503 semper
876 460 908 496 in-

81 529 161 573 spirari
173 530 243 568 bonae
255 530 372 568 voluntatis
385 531 496 575 principia
510 531 635 576 dixerimus,
649 532 702 577 quid
716 533 742 569 de
754 532 846 569 Zachaei
859 532 908 575 fide,

81 602 134 647 quid
150 603 175 640 de
189 603 248 641 illius
263 604 285 640 in
300 614 364 641 cruce
378 605 469 642 latronis
484 605 564 648 pietate
580 605 679 649 dicimus,
692 606 730 649 qui
746 605 855 643 desiderio
870 616 909 643 suo

82 676 125 713 vim
146 676 262 720 quamdam
284 676 356 720 regnis
379 677 507 715 caelestibus
528 677 653 721 inferentes
670 678 774 721 specialia
787 677 909 715 vocationis

82 749 164 786 monita
180 750 352 793 praevenerunt?
368 750 580 788 Consummationem
597 762 647 788 vero
665 751 768 788 virtutum
785 754 806 788 et
823 761 909 788 exsecu-

83 822 164 859 tionem
176 823 327 861 mandatorum
340 824 387 869 Dei,
401 823 419 861 si
433 828 507 861 nostro
521 824 696 867 deputaverimus
711 823 808 867 arbitrio,
822 834 910 868 quomo·
971 846 976 860 ς

84 895 111 932 do
129 906 226 933 oramus:
248 895 361 941 Confirma,
380 896 444 941 Deus,
462 897 504 934 hoc
523 897 581 941 quod
598 899 699 940 operatus
719 908 740 933 es
758 896 781 933 in
800 895 864 933 nobis
872 900 910 933 71...

83 968 141 1005 Haec
154 968 202 1012 duo,
214 969 237 1005 id
251 971 288 1012 est,
300 970 333 1006 vel
345 969 415 1012 gratia
425 968 472 1012 Dei,
483 970 516 1006 vel
528 969 621 1006 liberum
635 968 755 1012 arbitrium,
769 969 811 1006 sibi
822 968 910 1013 quidem

83 1041 178 1078 invicem
192 1041 294 1079 videntur
309 1042 406 1086 adversa,
421 1042 459 1079 sed
472 1044 562 1085 utraque
578 1041 718 1085 concordant,
733 1044 752 1079 et
767 1044 857 1085 utraque
871 1051 910 1079 nos

84 1113 166 1157 pariter
181 1114 259 1151 dehere
275 1115 391 1158 suscipere,
407 1115 494 1158 pietatis
509 1114 592 1151 ratione
608 1114 736 1158 colligimus,
751 1124 777 1150 nc
793 1124 859 1150 unum
874 1113 911 1151 ho·
968 1106 975 1156 ἐξ

85 1197 132 1223 rum
148 1186 233 1224 homini
250 1187 418 1230 substrahentes,
435 1181 594 1224 ecclesiasticae
611 1186 662 1223 fidei
680 1186 775 1229 regulam
793 1185 911 1223 excessisse

50 1274 54 1279 ·
86 1258 203 1296 videamur.
219 1259 273 1296 Nam
291 1270 339 1296 oum
354 1259 435 1296 viderit
451 1270 490 1296 nos
506 1259 562 1295 Deus
580 1259 606 1295 ad
621 1258 703 1295 bonum
719 1258 774 1295 velle
792 1257 911 1301 deflectere,
968 1251 974 1310 {J

85 1331 187 1375 occurrit,
204 1331 278 1375 dirigit
293 1335 357 1376 atque
373 1332 501 1369 confortat„
515 1330 541 1368 Et
556 1341 630 1367 rursus
647 1332 665 1367 si
681 1342 720 1368 nos
737 1331 794 1367 nolle
809 1331 843 1366 vel
859 1330 912 1367 inte·

85 1405 158 1447 puisse
172 1404 314 1449 perspexerit,
330 1404 492 1441 adhortationes
507 1402 628 1440 salutiferas
643 1404 742 1440 admovet
758 1402 860 1440 cordibus
876 1412 912 1440 no·
968 1386 975 1441 {f

86 1478 143 1521 stris,
155 1477 233 1521 quibus
245 1478 344 1514 voluntas
357 1477 414 1514 bona
425 1477 458 1513 vel
472 1478 584 1519 reparetur
596 1476 629 1512 vel
643 1475 748 1512 formetur
760 1475 783 1511 in
797 1474 860 1512 nobis
869 1486 879 1511 »
887 1478 912 1511 ²².

86 1549 184 1587 Attamen
199 1560 285 1593 semper
298 1548 367 1593 gratia
382 1552 413 1586 est
426 1549 525 1593 gratuita,
540 1548 610 1584 «dum
624 1546 707 1591 exiguis
721 1546 851 1591 quibusdam
866 1557 913 1590 par·

87 1622 161 1667 visque
174 1622 287 1660 conatibus
299 1625 380 1660 tantam
392 1620 561 1667 immortalitatis
571 1620 668 1663 gloriam,
680 1622 738 1656 tanta
751 1619 854 1662 perennis
865 1619 913 1656 bea·

88 1694 188 1732 titudinis
206 1695 268 1739 aona,
285 1695 439 1732 inaestimanda
457 1696 533 1733 tribuit
548 1696 646 1739 largitate
655 1710 666 1733 »
675 1700 698 1733 τε.
967 1675 969 1681 ἶ

141 1779 220 1817 Affines
239 1780 351 1817 doctrinae
370 1780 396 1817 ab
415 1780 463 1817 aliis
481 1791 565 1825 quoque
583 1781 768 1824 proponebantur.
786 1781 817 1817 De
836 1780 914 1825 quibus

88 1851 182 1895 Prosper
198 1851 318 1896 Augustino
334 1852 422 1891 scribit:
443 1852 522 1889 «Multi
541 1862 590 1896 ergo
608 1863 719 1890 servorum
737 1852 817 1890 Christi
835 1853 913 1909 quiin

87 1923 217 1962 Massiliensi
230 1924 284 1962 urbe
296 1924 423 1969 consistunt,
436 1925 459 1961 in
472 1925 597 1962 Sanctitatis
611 1929 659 1962 tuae
671 1924 760 1968 scriptis
773 1935 827 1969 quae
841 1924 915 1961 adver·

89 2007 124 2033 sus
135 1996 261 2040 Pelagianos
272 1996 393 2035 haereticos
404 1996 530 2040 condidisti,
542 1997 675 2034 contrarium
685 1999 762 2040 putant
772 1999 858 2040 patrum
870 1997 915 2040 opi·

89 2069 150 2106 nioni
166 2073 186 2106 et
202 2069 350 2106 eeclesiastico
366 2069 445 2112 sensui,
459 2069 566 2113 quidquid
581 2069 603 2105 in
621 2069 651 2106 eis
668 2052 823 2106 devocatione
839 2069 915 2106 electo·
966 2065 975 2092 ¹,

89 2152 137 2178 rum
154 2141 273 2178 secundum
290 2141 330 2178 Dei
346 2141 483 2185 propositum
502 2141 617 2185 disputasti
626 2153 637 2177 »
645 2144 668 2177 74.
685 2124 826 2177 Difficultates
845 2151 916 2178 creve·
966 2122 970 2135 ’

90 2218 140 2251 runt
152 2217 266 2258 postquam
282 2225 298 2250 s.
312 2213 443 2257 Augustinus
458 2213 527 2250 edidit
541 2224 602 2250 suum
617 2213 697 2250 librum
713 2226 723 2249 «
732 2209 916 2256 De'correptione
965 2219 976 2226 ’

90 2290 110 2324 et
127 2287 195 2330 gratia
204 2299 222 2323 ».
239 2287 356 2329 Propterea
375 2287 416 2323 duo
432 2285 490 2329 laici,
508 2285 559 2323 Tiro
575 2286 669 2328 Prosper
684 2285 804 2329 Aquitanus
821 2270 846 2322 et
859 2270 916 2322 Hila-

90 2431 234 2439 ---—-——--

140 2545 156 2565 ⁷1
172 2540 195 2573 Ps
211 2540 238 2578 67,
252 2540 279 2573 29,

141 2605 158 2627 12
171 2601 205 2634 uL
219 2600 248 2639 49,
262 2600 296 2633 922
312 2610 346 2638 ss.;
361 2600 385 2633 cf.
400 2600 436 2633 col.
450 2600 493 2638 92&
510 2599 550 2632 930.

141 2665 158 2687 :a
172 2662 205 2694 ML
218 2661 247 2700 49,
259 2661 300 2694 933.

141 2727 159 2747 7⁴
172 2722 205 2754 ML
220 2721 248 2760 33,
263 2721 314 2754 iuna.
