1952 3093
471 42 594 81 -336—

112 167 148 201 net
161 164 229 202 Deum
244 175 291 201 eam
307 164 399 207 dedisse,
413 167 437 201 ut
450 164 514 201 homo
529 164 567 201 illa
581 167 659 201 utatur.
673 163 746 201 Potuit
760 162 817 200 Deus
831 165 883 224 loeo¹
895 174 941 208 gra-

113 237 154 273 tiae
165 247 223 274 mere
235 236 362 274 sufficientis
375 237 426 273 dare
439 237 530 281 gratiam
543 235 658 279 efficacem,
671 236 727 274 sieut
737 236 809 280 potuit
820 236 869 275 loeo
880 247 941 281 prae-

115 309 181 347 senus
197 308 282 347 ordinis
298 310 354 346 velle
367 308 437 346 alium
450 309 559 352 ordinem;
577 318 627 352 ergo
644 319 718 346 verum
735 313 767 346 est
782 319 831 346 eum
847 309 942 347 noluisse

115 382 166 419 dare
183 382 253 418 maius
268 381 398 419 beneficium
415 392 480 426 quam
497 392 572 419 revera
591 381 660 425 dedit;
678 382 716 419 sed
733 393 758 419 ex
777 392 802 419 eo
817 382 877 427 quod
892 382 942 427 quis

115 454 180 491 alicui
197 464 240 492 non
257 454 303 490 ruit
320 454 371 491 dare
387 454 457 492 maius
471 453 607 497 beneficium,
624 464 667 491 non
684 455 788 499 sequitur,
805 457 829 492 ut
844 453 868 492 id
884 454 947 499 quod

116 525 176 563 dedit
190 536 233 563 non
250 526 278 562 sit
293 536 367 563 verum
382 526 512 564 beneficium
529 529 604 571 etqua
619 525 749 564 beneficium
764 526 844 564 datum.
860 526 886 563 Et
900 526 943 565 boe

115 598 180 635 etiam
192 598 273 635 valeret
285 598 307 634 in
319 609 377 641 casu,
389 599 412 634 in
424 609 466 642 quo
478 599 535 635 Deus
547 600 646 641 respectu
658 607 786 642 magnorum
797 601 946 641 peccatorum,

115 680 169 714 quae
183 670 248 708 homo
264 671 379 713 commisit,
395 680 438 707 non
455 672 500 707 ruit
517 670 567 707 dare
583 671 603 707 ei
619 670 688 707 maius
702 669 944 713 heneficiumSemper

116 742 174 778 enim
186 742 216 785 id,
230 742 289 786 quod
303 742 345 785 dat,
360 743 428 779 estin
442 754 463 780 se
477 752 551 779 verum
564 741 693 779 beneficium
708 746 729 779 et
742 752 828 785 semper
841 742 887 780 eius
897 743 944 780 .col-
966 755 967 758 ¹

116 813 167 850 latio
179 824 204 851 ex
217 814 273 850 seria
285 814 395 850 voluntate
408 814 503 850 salvifica
514 814 623 857 procedit;
636 824 721 856 semper
731 813 838 851 auxilium
850 816 882 851 est
894 823 944 850 vere

118 885 258 923 sufficiensu.

118 1111 136 1147 u.
150 1112 173 1145 ue
186 1113 240 1152 grette
253 1113 319 1145 etttcaci

170 1241 267 1278 Dicimus
278 1252 324 1278 esse
336 1241 427 1284 gratiam
439 1241 552 1284 efficacem,
564 1252 618 1285 quae
629 1241 652 1276 in
663 1243 711 1278 actu
723 1241 794 1284 primo
805 1240 943 1278 infallibilem

118 1323 196 1350 nexum
214 1313 280 1350 habet
297 1324 345 1350 cum
363 1315 411 1350 actu
430 1313 525 1350 salutari.
544 1313 619 1357 Agitur
637 1322 687 1356 ergo
705 1314 731 1351 de
750 1312 845 1350 effieaeia
863 1313 950 1357 gratiae

118 1384 217 1428 efficacis,
237 1395 291 1429 quae
311 1396 359 1422 eum
379 1388 427 1422 actu
446 1385 534 1422 salutari
554 1384 580 1422 de
598 1385 655 1422 tacto
675 1386 791 1422 coniuncta
811 1388 849 1422 est.
869 1384 944 1423 Omnis

117 1457 185 1500 gratia
197 1468 247 1494 vere
263 1456 371 1494 sufficiens
385 1457 450 1495 hahet
464 1457 581 1495 efficaciam
596 1457 689 1502 virtutis,
703 1460 724 1495 et
737 1457 822 1495 confert
835 1457 943 1498 virtutem.

119 1540 160 1573 qua
176 1533 236 1567 actus
253 1529 354 1566 salutaris
371 1530 423 1572 poni
442 1524 521 1574 potes't;
538 1530 556 1565 si
573 1532 643 1566 autem
661 1531 721 1567 aetus
739 1530 765 1567 de
782 1529 840 1567 iacto
856 1530 946 1573 ponitur·

118 1601 186 1644 gratia
200 1601 265 1638 habet
280 1601 398 1639 efficaciam
415 1612 457 1639 non
475 1602 543 1639 solum
561 1602 653 1645 virtutis,
671 1602 709 1639 sed
725 1613 778 1645 eam,
794 1612 848 1646 quae
865 1601 945 1638 dieitur

119 1672 214 1710 efficacia
228 1673 307 1717 operis,
320 1674 371 1718 quia
384 1685 432 1709 eum
446 1674 487 1710 bae
498 1674 566 1717 gratia
579 1685 634 1717 opus
647 1674 740 1711 salutare
753 1674 893 1710 coniunctum
907 1676 945 1710 est.

118 1745 179 1782 Hane
194 1745 311 1783 ettieaeiam
326 1756 367 1783 non
385 1745 449 1782 hahet
463 1746 531 1789 gratia
547 1757 605 1783 mere
618 1745 734 1783 sufficiens.

170 1818 305 1854 affirmamus
322 1820 391 1855 autem
409 1829 455 1855 esse
470 1818 560 1860 gratiam
577 1818 685 1854 efficacem
700 1828 754 1862 quae
770 1819 791 1854 in
809 1822 856 1854 actu
875 1818 945 1860 primo

119 1889 257 1927 infallibilem
272 1900 320 1926 cum
335 1900 400 1933 opere
414 1899 492 1926 nexum
507 1889 578 1927 habet.
593 1889 748 1928 Consideratur
762 1899 812 1933 ergo
827 1890 895 1933 gratia
910 1900 946 1926 an-

119 1962 243 1999 tecedenter
257 1962 283 1998 ad
296 1962 367 2005 ipsum
380 1964 451 1998 aetum
467 1963 588 2005 salutarem,
602 1963 639 2006 qui
654 1973 740 1999 cumea
755 1962 884 1999 coniunctus
898 1963 945 1999 erit.

120 2032 171 2070 Esse
190 2034 280 2077 gratiam
298 2034 319 2069 in
338 2037 388 2070 actu
405 2034 501 2070 seeundo
520 2033 626 2071 efficacem
647 2033 775 2077 probatione
795 2044 838 2071 non
857 2034 946 2077 indiget.

121 2116 168 2142 eum
183 2106 239 2142 nihil
253 2105 312 2143 aliud
327 2106 390 2149 dieat,
404 2116 468 2149 quam
482 2117 527 2142 esse
541 2100 615 2142 revera
630 2109 689 2143 actus
704 2107 817 2150 salutarem
832 2107 864 2142 sie
877 2106 947 2143 eonsi-

121 2178 194 2214 derata
211 2177 307 2214 efficacia
325 2178 406 2214 dieitur
422 2188 563 2221 consequens.
578 2178 602 2214 ld
619 2181 695 2220 autem,
712 2174 770 2222 quod
787 2178 809 2213 in
827 2179 868 2214 hae
885 2180 946 2220 parte

121 2249 187 2285 thesis
203 2249 326 2293 affirmatur,
342 2253 375 2287 est
389 2250 515 2297 exsistentia
530 2251 610 2292 gratiae
628 2249 727 2293 efficacis,
745 2251 779 2286 eui
797 2250 901 2293 competit
918 2250 946 2286 ef·

120 2321 194 2358 tleaeia
211 2332 254 2358 non
271 2322 339 2358 solum
355 2322 448 2363 virtutis,
465 2322 501 2357 sed
519 2322 592 2364 operis
608 2326 628 2358 et
645 2322 732 2365 quidem
750 2322 903 2359 antecedenter
919 2322 945 2357 ad

168 2470 186 2490 7¹2
200 2467 308 2498 Fatendum
321 2470 350 2499 est
362 2467 428 2498 minus
440 2476 534 2505 apparere
545 2467 642 2499 rationem
653 2466 745 2499 beneficii
758 2467 832 2505 gratiae
845 2476 896 2498 mere
907 2466 948 2498 sul-

122 2526 209 2558 iieientis
225 2527 243 2558 in
260 2528 358 2559 sententia
373 2527 530 2559 Banezianorum
545 2529 563 2558 et
579 2527 670 2565 aliorum,
683 2527 717 2565 qui
732 2528 800 2559 tenent
815 2526 949 2564 praedestina-

123 2588 196 2619 tionem
213 2588 235 2620 a'd
250 2587 333 2626 gloriam
347 2587 434 2626 praecise
448 2589 548 2625 sumptam
562 2597 604 2620 esse
620 2590 665 2619 ante
680 2587 771 2625 praevisa
785 2587 855 2619 merita
870 2589 889 2619 et
904 2596 949 2619 eon-

122 2650 226 2686 sequenter
239 2648 308 2680 docent
322 2647 508 2686 praedefinitionem
522 2647 626 2679 tormalem
641 2650 720 2679 actuum
734 2647 859 2680 salutarium.
873 2647 900 2679 De
914 2646 949 2679 bae

124 2718 141 2739 re
157 2709 175 2739 in
189 2708 278 2747 sequenti
293 2707 350 2740 thesi.
