1952 3093
452 45 560 81 -34--

97 162 145 206 ciat,
160 163 210 206 quia
225 163 272 206 ipse
286 163 356 200 bonus
370 164 425 200 male
442 164 513 201 facere
529 175 572 202 non
588 168 665 209 potest,
680 165 742 203 malis
757 153 923 204 tamen'instru-

96 236 174 273 mentis
190 236 263 279 utitur,
277 247 332 280 quae
347 240 432 280 raptum
449 241 468 274 et
483 240 565 274 motum
580 238 690 281 potentiae
707 249 756 276 suae
772 249 816 276 non
832 242 923 282 possunt

97 308 194 346 eradere.
209 309 290 346 Vitium
306 310 371 353 igitur
388 314 419 347 est
435 312 457 346 in
474 311 630 355 instrumentis,
647 322 701 356 quae
716 312 789 349 ociosa
804 312 861 350 Deus
877 324 923 350 esse

97 392 140 418 non
156 383 213 425 sinit,
228 383 287 426 quod
300 383 356 420 mala
369 383 428 426 fiunt,
444 387 543 421 movente
556 385 604 427 ipso
619 385 670 422 Deo.
685 384 732 422 Nou
749 386 811 422 aliter
826 396 890 429 quam
905 386 923 422 si

98 454 159 491 saber
172 456 243 492 securi
257 460 338 492 serrata
352 459 371 492 et
387 457 472 493 dentata
487 456 541 493 male
555 461 643 495 secaret.
657 457 713 495 Hinc
727 457 756 502 fit,
771 458 829 502 quod
843 458 923 501 impius

98 538 142 564 non
156 528 225 571 possit
240 538 284 565 non
299 539 383 572 semper
398 539 470 565 errare
486 533 505 565 et
521 540 618 574 peceare,
634 531 692 575 quod
708 534 770 574 raptu
785 530 872 568 divinae
887 510 924 574 po-

98 602 177 638 tentiae
194 604 264 638 motus
282 602 348 638 ociari
369 613 412 637 non
431 603 515 645 sinitur,
535 603 572 640 sed
591 603 648 647 velit,
667 604 746 647 cupiat,
764 603 830 640 faciat
846 603 924 646 taliter,

99 674 167 717 qualis
182 675 229 718 ipse
245 677 276 711 est
284 688 294 710 »
303 679 327 711 15.

153 748 198 784 «At
213 759 251 784 cur
267 758 310 785 non
325 748 389 785 simul
402 752 469 785 mutat
485 750 605 786 voluntates
622 750 694 793 malas,
710 760 762 793 quas
778 749 863 786 movet?
879 749 925 786 Hoc

99 821 193 863 pertinet
205 821 233 858 ad
247 824 328 857 secreta
342 821 466 865 maiestatis,
481 821 518 858 ubi
533 821 764 865 incomprehensibilia
779 825 829 859 sunt
843 822 925 858 iudicia

100 894 151 930 eius.
164 893 208 930 Nec
220 897 317 931 nostrum
329 894 371 931 hoc
385 897 416 930 est
427 905 537 938 quaerere,
549 896 587 931 sed
600 895 690 932 adorare
703 894 806 938 mysteria
819 886 872 931 haec
881 907 891 930 »
901 898 925 930 1⁶.

100 966 208 1009 «Quando
223 977 280 1003 nunc
294 967 391 1003 Diatribe
405 970 525 1010 argutatur:
542 967 642 1004 Ploratne
654 967 703 1011 pius
715 967 821 1004 Dominus
835 971 925 1005 mortem

100 1040 175 1082 populi
189 1040 228 1083 sui,
242 1050 305 1083 quam
319 1039 366 1082 ipse
380 1042 481 1083 operatur
494 1040 517 1076 in
530 1040 586 1076 illisi
600 1040 645 1077 Hoc
658 1041 716 1077 enim
729 1039 794 1076 nimis
809 1040 926 1077 absurdum

100 1112 192 1149 videtur.
209 1112 379 1157 Respondemus
394 1115 416 1149 ut
432 1112 475 1149 iarn
493 1113 598 1149 diximus:
617 1112 684 1149 Aliter
700 1113 725 1149 de
742 1112 786 1149 Deo
804 1113 837 1149 vel
852 1112 926 1149 volun-

101 1188 143 1221 tate
157 1185 194 1222 Dei
212 1185 275 1222 uobis
291 1185 422 1228 praedicata,
439 1186 539 1228 revelata,
555 1185 632 1228 oblata,
649 1184 711 1229 culta,
729 1188 748 1222 et
763 1184 825 1222 aliter
841 1185 867 1222 de
881 1184 926 1222 Deo

102 1268 144 1294 non
160 1258 292 1301 praedicato,
309 1268 352 1295 non
369 1258 469 1301 revelato,
485 1268 528 1295 non
545 1258 623 1301 oblato,
637 1268 681 1294 non
698 1257 754 1294 culto
772 1257 927 1300 disputandum

102 1334 139 1367 est.
155 1330 262 1373 Quatenus
279 1331 344 1373 igitur
360 1330 416 1367 Deus
432 1341 478 1367 sese
493 1329 607 1367 abscondit
623 1333 643 1366 et
657 1329 753 1372 ignorari
769 1329 859 1366 anobis
876 1330 927 1372 vult,

102 1403 157 1439 nihil
172 1404 199 1440 ad
213 1414 259 1440 nos.
274 1403 314 1440 Hic
330 1403 387 1440 enim
402 1413 451 1439 vere
465 1403 520 1439 vaiet
535 1402 600 1439 illud:
618 1402 675 1445 Quae
689 1412 753 1445 supra
768 1412 814 1445 nos,
829 1401 885 1438 nihii
900 1402 928 1439 ad

102 1486 162 1513 nos...
179 1475 214 1513 Sic
232 1475 334 1512 dicimus:
354 1476 411 1512 Deus
426 1475 475 1518 pius
491 1485 535 1511 non
552 1474 649 1517 deplorat
665 1477 756 1511 mortem
771 1468 927 1533 populi'quam

103 1552 204 1591 operatur
220 1549 243 1584 in
259 1548 303 1590 illo,
319 1549 356 1585 sed
374 1548 472 1590 deplorat
488 1550 578 1584 mortem
594 1557 657 1591 quam
672 1546 756 1583 invenit
772 1547 795 1582 in
812 1546 892 1589 populo
908 1548 928 1583 et

103 1632 202 1658 aniorere
215 1621 292 1657 studet.
307 1620 353 1657 Hoc
367 1620 424 1657 enirn
438 1619 481 1662 agit
493 1619 550 1655 Deus
563 1618 706 1662 praedicatus,
719 1622 742 1655 ut
755 1618 825 1655 ablato
838 1621 928 1661 peccato

104 1697 122 1730 et
135 1695 203 1730 morte
216 1693 270 1730 salvi
284 1692 357 1730 simus.
370 1691 428 1728 Misit
442 1691 499 1728 enim
511 1691 599 1727 verbum
614 1701 674 1727 sunm
689 1694 709 1727 et
721 1690 805 1726 sanarit
819 1701 865 1728 nos,
880 1689 929 1728 Cae-

104 1769 173 1802 terum
189 1766 246 1802 Deus
262 1764 402 1802 absconditus
420 1764 441 1800 in
461 1763 571 1800 maiestate
587 1774 655 1807 neque
674 1763 772 1806 deplorat
787 1773 856 1807 neque
873 1762 929 1799 tollit

104 1841 200 1882 mortem,
216 1838 253 1875 sed
268 1840 370 1881 operatur
383 1837 456 1879 vitam,
471 1839 562 1872 mortem
577 1840 596 1873 et
611 1836 683 1873 omnia
698 1835 720 1871 in
734 1834 841 1872 omnibus.
856 1834 928 1879 Neque

105 1912 162 1948 enim
176 1915 221 1948 turn
234 1910 299 1947 verbo
315 1921 353 1946 suo
369 1908 466 1946 definivit
481 1920 533 1952 sese,
547 1908 584 1945 sed
598 1908 690 1945 liberum
704 1919 750 1944 sese
764 1907 882 1944 reservavit
897 1918 929 1944 su-

105 1995 143 2026 per
158 1983 237 2020 omnia.
254 1983 328 2019 illudit
344 1986 414 2018 autem
430 1992 476 2017 sese
492 1979 591 2016 Diatriba
607 1980 729 2023 ignorantia
745 1990 788 2023 sua,
806 1979 857 2016 dum
874 1979 929 2015 nihil

106 2054 219 2099 distinguit
235 2055 291 2091 inter
306 2055 374 2090 Deum
390 2051 539 2096 praedicatum
555 2054 575 2087 et
591 2051 748 2094 absconditum,
763 2051 806 2088 hoc
820 2054 857 2093 est,
873 2051 930 2087 inter

105 2128 194 2165 verbum
207 2128 246 2164 Dei
259 2130 279 2164 et
292 2127 360 2163 Deum
374 2126 452 2168 ipsum.
466 2123 531 2160 Multa
543 2123 596 2160 facit
609 2124 672 2167 Deua
686 2134 740 2167 quae
754 2122 820 2160 verbo
834 2134 872 2160 suo
886 2133 929 2160 non

105 2201 200 2238 ostendit
212 2200 281 2237 nobis.
292 2199 357 2236 Multa
369 2209 454 2243 quoque
466 2197 517 2240 vult,
528 2207 582 2240 quae
594 2195 659 2233 verbo
670 2207 708 2233 suo
721 2206 765 2232 non
777 2195 872 2232 ostendit
884 2206 930 2232 sese

106 2274 166 2311 velle.
184 2273 219 2311 Sic
236 2283 279 2310 non
296 2273 342 2308 vult
359 2273 449 2308 mortem
465 2269 592 2312 peccatoris,
610 2269 675 2306 verbo
692 2268 782 2312 scilicet,
800 2268 845 2305 vult
860 2270 931 2304 autem

106 2346 165 2382 illam
185 2345 294 2382 voluntate
314 2345 350 2379 illa
370 2341 561 2385 imperscrutabili.
579 2341 641 2377 Nunc
661 2344 730 2377 autem
750 2340 813 2377 nobis
834 2338 931 2382 spectan-

108 2418 157 2454 dum
180 2421 210 2454 est
231 2417 320 2453 verbum
343 2415 527 2458 relinquendaque
549 2413 584 2449 illa
608 2412 706 2449 voluntas
729 2411 931 2455 imperscrutabilis.

107 2491 176 2528 Verbo
191 2491 247 2528 enim
264 2501 303 2526 nos
318 2475 389 2530 diripi,
405 2498 447 2523 non
465 2486 573 2523 voluntate
589 2485 624 2522 illa
639 2485 774 2522 inscrutabili
791 2486 882 2527 oportet.
898 2483 932 2520 At-

155 2663 172 2685 15
187 2658 226 2692 709.

156 2723 172 2743 ¹⁸
187 2719 226 2751 712.
