1952 3093
461 23 583 62 -240-

162 147 224 190 Quod
237 147 265 183 ad
278 147 360 183 factum
371 147 480 189 augmenti
493 146 575 190 gratiae
589 147 671 189 attinet,
684 145 779 189 theologi
793 146 935 193 conveniunt3

110 220 218 263 quomodo
235 231 286 256 vero
302 219 389 257 habitus
405 219 473 256 infusi
490 221 613 262 augeantur,
631 219 728 256 diversae
746 223 795 257 sunt
811 219 937 262 sententiae,

111 291 138 328 de
155 291 233 335 quibus
250 291 397 335 conferantur,
413 302 468 335 quae
487 291 537 328 «De
554 290 670 327 virtutibus
688 290 820 334 theologis»,
839 301 872 328 nr.
891 290 936 335 637,

110 363 243 400 indicantur.

111 521 131 555 ll.
143 522 247 555 lnstttlcntns
258 524 327 555 tenetur
339 523 360 555 ar
373 523 478 555 observanda
494 522 578 555 mandata.
615 526 616 530 ’

163 638 188 674 111
205 639 305 675 doctrina
320 639 346 676 de
362 639 515 676 iustificatione
531 639 576 675 sola
591 638 639 681 fide,
657 639 776 675 secundum
791 649 855 683 qnam
871 649 938 681 opera

111 711 206 748 bominis
222 711 311 748 omnino
323 723 337 748 a
352 712 438 756 negotio
451 711 611 748 iustificationis
626 711 776 754 excluduntur,
792 710 879 748 difficile
894 713 939 748 erat

112 784 222 826 assignare
235 784 261 820 ad
271 784 325 827 quid
336 795 402 826 opera
413 783 479 827 bona;
492 787 603 827 praeterea
614 783 733 820 secundum
743 783 861 820 Lutherum
873 794 939 826 opera

112 855 178 892 etiam
191 855 298 892 iustorum
312 856 402 899 proprie
415 858 465 893 sunt
479 858 575 899 peccata,
590 866 644 899 quae
658 858 730 892 tamen
744 855 802 892 Dens
815 855 879 893 iustis
893 866 937 892 non

113 928 210 971 imputat.
226 928 279 965 Inde
295 928 366 965 facilis
382 928 536 972 consequentia
552 931 602 971 erat,
618 928 728 964 hominem
743 928 823 964 iustum
839 938 882 965 non
897 938 939 964 arn-

113 1000 171 1042 plius
184 1011 230 1036 esse
243 1000 281 1037 sub
295 1000 367 1044 aliqua
379 1001 431 1043 lege,
443 1010 497 1044 quae
511 999 530 1036 ei
543 1000 686 1043 obligationes
700 1000 828 1043 imponeret.
840 998 938 1037 Christus

114 1082 126 1108 a
142 1072 188 1115 lege
205 1082 244 1108 nos
261 1071 363 1108 liberavit
380 1074 401 1108 et
416 1072 487 1108 attulit
503 1071 625 1109 libertatem
641 1071 736 1109 filiorum
753 1071 799 1114 Dei,
817 1082 871 1115 quae
889 1082 938 1108 curn

114 1143 217 1180 servitute
228 1143 323 1187 sublege
335 1143 437 1186 componi
448 1153 491 1179 non
502 1146 578 1187 potest.
587 1142 615 1180 Et
625 1144 656 1180 ita
667 1154 742 1180 revera
753 1143 815 1180 brevi
824 1146 939 1187 postquam

114 1225 194 1252 novum
212 1215 346 1259 evangelium
364 1215 488 1258 praedicari
505 1219 606 1258 coeptum
623 1218 661 1257 est,
678 1215 824 1252 Protestanfes
841 1216 899 1253 inter
917 1226 939 1252 se

114 1287 158 1323 iarn
170 1286 195 1323 de
205 1287 247 1323 bac
256 1298 280 1324 re
292 1287 401 1330 disputare
414 1287 535 1324 debuerunt
544 1289 621 1324 contra
631 1287 721 1331 aliquos,
731 1287 768 1331 qni
779 1297 845 1330 supra
856 1287 939 1324 indica-

115 1362 158 1395 tam
173 1358 349 1402 consequentiam
362 1358 467 1395 facientes
479 1359 601 1396 libertatem
615 1359 641 1396 ab
656 1359 792 1396 observanda
804 1359 851 1402 lege
865 1359 940 1396 divina

115 1411 261 1468 defendebant
277 1430 447 1471 [controversiae
461 1426 650 1472 antinomisticae).
663 1430 816 1468 Melanchthon
830 1430 939 1474 imprimis

115 1502 184 1545 legem
197 1507 216 1540 et
229 1502 380 1539 necessitatem
394 1502 488 1546 aliquam
502 1513 592 1545 operum
606 1502 736 1540 defendebat
748 1506 824 1539 contra
836 1502 939 1540 Ioannem

115 1573 247 1618 Agricolam3
260 1574 299 1610 sed
310 1578 334 1610 ut
345 1577 405 1617 patet
414 1574 452 1611 illa
463 1584 530 1617 opera
541 1574 600 1611 nullo
612 1574 677 1611 modo
689 1577 787 1617 spectant
799 1575 870 1618 ipsam
880 1574 940 1611 iusti-

116 1645 238 1682 ficationem
246 1649 270 1682 2⁵.
768 1647 769 1650 ¹

169 1716 242 1760 Error,
256 1717 386 1754 christianos
399 1728 443 1754 non
455 1717 560 1761 obligatos
573 1729 618 1755 esse
631 1718 658 1755 ad
668 1718 726 1755 bona
738 1729 810 1761 opera,
821 1718 866 1755 iam
876 1721 940 1755 antea

116 1789 241 1832 propositus
253 1792 305 1826 erat.
319 1789 338 1826 S.
352 1789 443 1826 Iacobus
456 1789 547 1826 fortasse
561 1789 613 1826 tales
626 1790 748 1827 tendentias
760 1790 783 1825 in
797 1801 835 1827 sua
848 1790 940 1833 epistula

116 1861 207 1904 respicit
214 1864 238 1897 2⁶.
251 1860 323 1898 Medio
335 1871 387 1898 aevo
400 1860 521 1898 habebatur
533 1862 639 1898 sententia
650 1861 742 1899 fratrum
754 1864 775 1898 et
786 1850 885 1899 sororum
898 1862 940 1905 spi-

117 1933 171 1969 ritus
183 1932 297 1976 libertatis,
309 1932 409 1970 homines
423 1933 532 1976 perfectos
545 1943 589 1970 non
602 1933 672 1970 teneri
686 1933 714 1969 ad
727 1933 785 1971 bona
799 1944 872 1977 opera,
886 1945 940 1977 qnae

117 2004 192 2047 opinio
206 2005 229 2040 in
244 2004 338 2041 concilio
353 2004 468 2042 viennensi
484 2004 583 2042 damnata
599 2008 636 2042 est.

165 2139 182 2160 2⁵
195 2136 245 2173 Ergo
258 2136 296 2168 dici
309 2145 349 2169 non
364 2136 426 2175 debet,
439 2138 544 2169 novatores
556 2144 637 2174 negasse
651 2146 710 2176 opera
723 2137 775 2170 bona
789 2146 831 2170 esse
844 2137 941 2175 facienda,

117 2197 136 2227 et
147 2196 227 2234 quidem
239 2197 319 2234 propter
330 2197 453 2235 mandatum,
464 2196 588 2228 voluntatem
598 2196 639 2229 Dei.
651 2197 706 2229 Bona
717 2207 777 2236 opera
788 2197 846 2230 fidem
856 2206 941 2236 sequun-

117 2258 155 2294 tur,
166 2255 224 2287 sicnti
235 2256 312 2288 fructus
320 2256 384 2288 bonae
395 2255 477 2288 arboris.
488 2256 524 2288 Sed
533 2256 570 2289 illa
579 2266 638 2295 opera
648 2266 688 2289 non
699 2256 837 2296 ingrediuntur
847 2257 942 2290 iustifica-

117 2316 198 2364 tionem,
212 2325 276 2355 neque
293 2319 339 2349 sunt
355 2316 463 2354 meritoria,
480 2316 513 2348 sed
528 2316 628 2354 pertinent
643 2317 668 2349 ad
684 2317 832 2350 renovationem
847 2317 942 2356 hominis,

119 2385 169 2415 quae
183 2387 195 2409 a
209 2376 349 2409 iustificatione
364 2376 499 2415 distinguitur.
515 2376 544 2409 Cf.
559 2387 619 2415 supra
633 2385 676 2416 pag.
692 2377 714 2409 42
729 2378 838 2410 doctrinam
854 2377 943 2415 Lutheri;

119 2446 162 2477 pag.
179 2438 202 2471 46
220 2440 255 2470 art.
273 2438 283 2470 6
301 2437 436 2470 Confessionis
453 2436 587 2476 augustanam
604 2445 647 2477 pag.
665 2438 688 2471 46
704 2438 792 2471 eiusdem
809 2438 944 2472 Confessionis

120 2501 156 2532 art.
168 2498 200 2538 20;
213 2506 256 2538 pag.
267 2498 290 2531 48
302 2499 396 2532 Formnla
407 2498 533 2538 Concordiae,
545 2501 564 2531 et
576 2509 626 2538 quae
637 2507 681 2538 pag.
692 2499 726 2533 235
737 2510 760 2533 ex
771 2501 839 2533 eadem
852 2501 945 2533 Formula
957 2519 959 2524 ·

118 2560 210 2591 citantur.
222 2559 249 2590 De
258 2558 344 2591 historia
352 2559 414 2593 huius
426 2559 571 2591 controversiae
582 2559 626 2591 vide
636 2559 865 2600 Hergenrother-Kirsch,
876 2561 942 2594 Hand-

119 2619 170 2651 buch
185 2619 219 2650 der
234 2619 363 2657 allgemeinen
378 2618 578 2657 Kirchengeschichte‚
594 2619 627 2658 ΙΙΙ,
642 2620 671 2652 ed.
687 2620 697 2653 6
713 2620 776 2658 (1925)
793 2620 828 2653 554
842 2631 867 2654 ss.

167 2682 184 2704 26
198 2679 261 2716 Supra
272 2686 315 2717 pag.
328 2678 368 2711 146.
