1952 3093
367 80 488 119 -267-

69 204 138 243 «Sine
153 202 300 249 privilegien:
317 202 459 246 Privilegium
476 202 587 240 delinitur:
606 202 706 245 exceptio
722 202 794 245 alege
808 210 841 245 ge·

20 278 84 321 nerali
99 279 119 313 et
131 275 214 313 odiosa.
225 275 249 313 Si
263 284 313 319 ergo
327 275 395 312 vitare
409 285 472 312 omne
486 277 599 318 peccatum
612 274 696 312 veniale
709 277 741 311 est
753 273 841 317 privile-

20 347 198 399 giumeirsistere
214 347 277 390 debet
291 348 363 391 aliqua
377 348 419 390 lex,
433 347 553 394 secundum
567 357 632 390 quam
646 356 721 383 omnes
734 343 841 389 homines,

20 425 80 464 etiam
91 420 149 465 iusti,
161 419 299 456 committunt
311 422 400 463 peccata
412 418 513 460 venialia.
526 419 572 456 Hoc
585 422 655 456 autem
666 428 710 455 non
721 418 751 455 ita
762 417 841 455 intelli·-

19 494 113 543 gendum.
121 494 158 535 est,
170 501 195 528 ac
207 491 225 528 si
237 491 294 529 Deus
305 491 414 528 statuisset
425 492 499 534 legem,
511 494 534 527 ut
545 501 619 528 omnes
631 491 731 527 homines
744 489 841 527 commit-¹

20 568 85 606 terent
95 565 185 607 peccata
195 562 298 608 venialia3
311 563 349 600 sed
359 563 416 600 Deus
427 563 450 599 in
460 562 570 606 praesenti
580 563 657 599 ordine
667 560 729 600 iustis
741 572 785 601 non
796 562 842 599 vult

20 641 68 678 dare
81 636 129 673 ill-as
142 635 228 679 gratias,
241 646 290 671 cum
301 635 379 680 quibus
392 635 465 673 omnia
478 638 567 679 peccata
578 634 672 672 venialia
685 634 790 677 vitabunt,
803 634 841 671 sed

20 711 63 749 vult
76 708 208 753 permittere,
224 711 247 745 ut
263 707 314 744 talia
330 711 419 751 peccata
435 718 447 744 a
463 707 526 745 iustis
542 707 601 745 fiant.
615 706 652 745 Uti
667 707 690 744 in
706 709 798 744 tractatu
816 706 842 743 de

21 780 155 828 providentia
167 780 295 823 ostenditur,
307 780 364 817 Deus
375 780 418 817 hoc
429 782 500 823 potest
511 779 643 823 permittere,
655 777 781 823 quinetiam
793 790 842 823 pec·

21 856 89 892 catum
101 855 189 890 externe
200 852 298 889 ordinari
310 854 381 896 potest
391 852 420 889 ad
433 852 522 896 aliquod
532 852 614 889 honum
622 855 656 889 11⁰.

68 924 186 968 «speciale
198 924 356 970 privilegium»
369 924 424 962 illud
437 927 474 968 est,
487 924 545 968 quod
558 934 602 961 non
614 924 657 961 nisi
670 923 781 961 rarissime
793 933 843 961 con·

21 998 109 1036 ceditur.
122 996 168 1034 Hoc
180 996 319 1040 privilegium
333 996 358 1033 de
371 997 430 1033 facto
444 1007 570 1034 concessum
585 999 616 1033 est
628 996 706 1033 Beatae
716 995 808 1039 Virgini,
820 998 844 1032 ut

21 1080 59 1115 per
74 1071 141 1106 totam
159 1079 219 1106 suam
238 1068 305 1105 vitam
323 1068 392 1105 libera
410 1071 507 1106 maneret
524 1068 550 1105 ab
570 1061 629 1105 omni
647 1071 737 1111 peccato
756 1067 843 1113 veniali.

21 1142 78 1179 Patet
88 1150 189 1184 magnum
201 1151 247 1178 esse
258 1140 404 1185 privilegium,
416 1141 495 1185 siquis
508 1141 565 1177 «diu
573 1153 583 1176 »
595 1140 651 1178 liber
661 1142 734 1177 manet
745 1140 771 1177 ah
783 1138 844 1178 omni

23 1215 109 1257 peccato
124 1212 212 1250 veniali.

71 1289 251 1334 «Nonpotestsz
267 1290 432 1334 intelligendum
445 1295 477 1328 est
490 1290 556 1327 simili
569 1290 634 1328 modo
647 1301 690 1334 quo
704 1291 727 1327 in
741 1289 797 1328 thesi
809 1290 843 1336 11,

22 1373 62 1400 non
77 1362 102 1400 de
114 1362 213 1406 physica,
227 1362 265 1400 sed
279 1362 305 1400 de
319 1363 397 1400 morali
410 1362 545 1406 impotentia.
607 1367 610 1370 ⁴

69 1433 218 1471 Adversantur
235 1433 291 1471 thesi
310 1434 426 1478 Pelagiaui‚
447 1435 472 1472 de
491 1434 570 1478 quibus
589 1446 605 1471 s.
623 1434 754 1478 Augustinus
775 1434 840 1472 dixit:

23 1506 64 1542 ‹In
76 1505 99 1543 id
112 1506 176 1544 etiam
189 1506 364 1550 progrediuntur,
378 1510 402 1544 ut
415 1506 494 1552 dicant,
508 1507 574 1543 vitam
588 1507 694 1544 iustorum
706 1511 730 1543 'rn
743 1506 786 1544 hoc
800 1517 844 1543 sae-

22 1578 68 1615 culo
80 1578 163 1615 nullum
177 1578 266 1615 omnino
280 1578 359 1615 hahere
374 1581 493 1622 peccatum,
508 1581 566 1616 etex
580 1578 614 1615 his
628 1578 749 1616 Ecclesiam
763 1578 844 1630 Christi

23 1649 43 1684 in
54 1649 95 1686 hac
108 1649 238 1687 mortalitate
250 1649 332 1693 perfici,
344 1653 368 1686 ut
380 1650 408 1687 sit
420 1651 509 1687 omnino
521 1651 567 1687 sine
580 1650 664 1687 macula
677 1654 697 1687 et
709 1660 770 1695 ruga;
782 1651 844 1695 quasi

23 1730 64 1757 non
77 1720 105 1758 sit
117 1720 198 1758 Christi
209 1720 313 1765 Ecclesia,
324 1732 378 1765 quae
391 1724 435 1759 toto
449 1725 555 1759 terrarum
567 1722 619 1759 orbe
631 1722 710 1759 clamat
722 1722 750 1758 ad
762 1723 841 1760 Deum:

21 1791 108 1829 Dimitte
122 1792 186 1830 nobis
201 1792 273 1830 dehita
285 1795 359 1831 nostra
368 1796 421 1831 offl.

72 1864 186 1901 Praeterea
200 1864 307 1909 Beguardi
322 1865 427 1908 putabant
441 1865 552 1903 hominem
568 1877 631 1908 posse
647 1866 721 1903 venire
736 1866 764 1902 ad
779 1854 844 1903 talem

22 1935 110 1976 gradum
125 1935 275 1980 perfectionis,
288 1940 312 1974 ut
326 1937 354 1973 sit
366 1937 457 1974 omnino
472 1936 629 1981 impeccabilis.

338 2190 389 2241 Duc.
400 2188 521 2227 Eccunsms

72 2344 136 2383 Cone.
154 2355 277 2383 vrunnnnsn
296 2347 406 2383 damnavit
424 2357 519 2383 errorem
538 2346 699 2389 Beguardorum
719 2347 741 2384 1:
762 2347 844 2390 «Quod

22 2413 84 2455 horno
97 2417 120 2454 in
132 2418 177 2455 vita
189 2418 299 2461 praesenti
310 2421 394 2455 tantum
405 2421 426 2454 et
438 2419 503 2456 talem
515 2418 658 2461 perfectionis
671 2419 762 2462 gradum
773 2422 845 2462 potest

23 2489 139 2533 acquirere,
151 2490 209 2535 quod
223 2489 326 2527 reddetur
338 2490 425 2533 penitus
437 2490 587 2534 impeccabilis
599 2493 620 2527 et
632 2490 726 2534 amplius
738 2490 762 2527 in
775 2491 844 2535 gratia

28 2600 162 2609 Q—

70 2685 96 2706 11⁶
109 2682 136 2714 De
149 2683 189 2714 Deo
201 2691 247 2721 uno,
260 2692 289 2715 nr.
302 2683 343 2715 344.

71 2746 97 2768 11⁷
110 2743 159 2777 Vide
174 2750 234 2783 supra
247 2751 291 2783 pag.
307 2743 335 2778 13·
