1952 3093
365 58 487 94 -239—

16 186 96 226 remoto
106 182 215 219 adiutorio
225 181 272 224 Dei,
282 181 328 217 sine
339 191 381 224 quo
393 190 433 215 nec
444 178 549 222 proficere
560 189 600 214 nec
611 187 738 220 permanere
751 177 772 211 in
784 176 841 212 bono

16 258 127 305 quisquam
140 256 229 297 potest»
239 257 263 290 ²².

374 493 485 528 Tncolocr

71 651 90 688 S.
106 650 201 686 THomas
217 649 311 693 quaerit:
331 649 407 685 Utrum
424 648 492 690 gratia
510 647 537 683 sit
553 646 622 683 maior
638 646 660 682 in
677 657 720 682 uno
738 656 802 689 quam
819 645 842 680 in

19 725 59 762 nlio
68 726 92 759 Β,
106 721 187 758 Probat
197 732 225 758 ex
238 720 286 764 Eph
300 720 318 763 l,
333 721 354 756 7:
373 719 514 763 «Unicuique
530 719 626 755 datavest
640 718 708 762 gratia
723 717 842 754 secundum

19 804 140 833 mensuram
157 792 282 829 donationis
299 791 390 829 Christi:
408 792 467 835 quod
484 794 554 827 autem
571 793 693 827 mensurate
712 790 781 831 datur,
799 799 842 825 non

19 866 117 905 omnibus
133 865 251 908 aequaliter
267 865 338 907 datur3
356 873 406 906 ergo
422 873 466 900 non
483 873 557 899 omnes
573 863 683 906 aequalem
700 862 790 905 gratiam
807 861 843 897 ha-

19 940 68 975 bent
76 950 94 974 >>.
107 936 132 973 Et
144 937 234 973 ulterius
247 936 352 979 explicat:
368 948 379 970 «
388 935 448 972 Sicut
459 945 524 978 supra
537 934 618 971 dictum
631 937 663 970 est
671 937 694 977 ²4,
705 933 792 970 habitus
807 933 843 969 du·

19 1012 96 1054 plicem
107 1009 278 1052 magnitudinem
288 1009 368 1045 hahere
378 1011 459 1050 potest:
472 1018 537 1043 unam
549 1010 644 1050 exparte
654 1006 703 1042 finis
714 1006 747 1042 vel
758 1006 844 1047 obiecti,

18 1081 135 1119 secundum
151 1080 210 1124 quod
229 1080 310 1116 dicitur
326 1091 369 1116 una
387 1080 456 1116 virtus
474 1080 516 1115 alia
532 1079 634 1122 nobilior,
653 1079 676 1114 in
693 1081 797 1121 quantum
815 1078 842 1114 ad

18 1154 85 1190 maius
98 1153 178 1189 honum
191 1152 315 1195 ordinatur;
330 1151 394 1188 aliam
408 1162 459 1188 vero
474 1163 500 1187 er
514 1154 574 1194 parte
589 1150 687 1205 subiecti,
702 1150 760 1194 quod
774 1150 842 1192 magis

19 1226 51 1262 vel
68 1225 139 1261 minus
154 1224 273 1267 participat
288 1224 386 1260 habitum
403 1223 559 1260 inhaerentem.
577 1222 700 1260 Secundum
718 1222 784 1265 igitur
800 1222 843 1264 pri-

18 1307 74 1334 mam
89 1296 260 1339 magnitudinem
277 1295 346 1338 gratia
361 1298 445 1338 gratum
462 1295 545 1331 taciens
562 1305 606 1331 non
623 1297 694 1337 potest
711 1305 757 1330 csse
774 1294 843 1330 maior

20 1372 39 1405 et
53 1368 134 1412 minor;
150 1368 201 1411 quia
215 1368 284 1410 gratia
300 1367 418 1403 secundum
434 1367 467 1403 sui
483 1367 589 1403 rationem
606 1366 718 1409 coniungit
732 1366 843 1403 hominem

20 1451 102 1476 summo
117 1440 181 1482 hono,
197 1439 255 1483 quod
273 1443 304 1475 est
320 1439 384 1475 Deus.
401 1438 443 1476 Sed
460 1450 486 1475 ex
500 1441 562 1482 parte
579 1438 671 1475 subiecti
686 1438 755 1481 gratia
773 1440 844 1480 potest

20 1512 128 1554 suscipere
140 1511 208 1554 magis
219 1512 253 1548 vel
264 1511 345 1556 minus3
356 1513 422 1554 prout
434 1510 517 1547 scilicet
527 1521 582 1546 unus
593 1510 711 1553 perfectius
724 1510 844 1545 illustratur

20 1596 30 1620 a
42 1584 122 1628 lumine
133 1584 214 1626 gratiae
226 1595 290 1627 quam
302 1584 363 1620 alius.
375 1582 439 1621 Cuius
453 1583 585 1620 diversitatis
596 1583 651 1619 ratio
664 1583 751 1626 quidem
764 1585 796 1619 est
808 1581 845 1618 ali-

20 1666 61 1699 qua
77 1667 102 1692 ex
119 1658 180 1698 parte
197 1655 348 1698 praeparantis
365 1666 387 1692 se
404 1655 433 1691 ad
447 1655 547 1699 gratiamg
565 1655 603 1698 qui
619 1654 677 1691 enim
693 1654 760 1697 magis
778 1665 800 1690 se
817 1654 844 1690 ad

20 1727 110 1770 gratiam
127 1730 249 1770 praeparat,
267 1726 388 1769 pleniorem
406 1727 497 1769 gratiam
515 1727 601 1769 accipit.
620 1726 662 1762 Sed
679 1738 704 1762 ex
723 1726 765 1762 hac
783 1729 844 1768 parte

21 1809 62 1835 non
77 1801 148 1841 potest
163 1799 234 1842 accipi
249 1798 320 1841 prima
334 1798 389 1835 ratio
404 1798 468 1834 huius
483 1798 625 1842 diversitatis3
642 1798 692 1841 quia
706 1798 844 1840 praeparatio

20 1870 46 1906 ad
56 1871 147 1913 gratiam
159 1881 202 1907 non
214 1874 245 1907 est
256 1870 358 1912 hominis,
371 1870 414 1906 nisi
426 1871 554 1914 inquantum
566 1869 659 1906 liberum
671 1870 785 1906 arbitrium
797 1870 843 1906 eius

21 1944 162 1984 praeparatur
174 1953 186 1979 a
196 1942 247 1978 Deo.
259 1942 322 1979 Unde
333 1941 404 1984 prima
417 1952 482 1979 causa
493 1941 558 1978 huius
571 1941 703 1978 diversitatis
715 1941 845 1984 accipienda

21 2015 51 2048 est
62 2025 87 2049 ex
97 2017 158 2056 parte
169 2014 238 2056 ipsius
248 2013 294 2056 Dei,
305 2013 342 2057 qui
354 2013 500 2050 diversimode
509 2024 561 2050 suae
572 2013 653 2056 gratiae
665 2013 721 2050 dona
733 2013 845 2056 dispensat

21 2084 47 2120 ad
58 2085 106 2128 hoc,
117 2086 175 2129 quod
185 2096 211 2121 ex
222 2086 313 2121 diversis
324 2085 427 2128 gradibus
437 2085 577 2128 pulchritudo
587 2088 608 2121 et
617 2085 723 2128 perfectio
734 2084 844 2122 Ecclesiae

22 2160 145 2201 consurgat;
158 2157 214 2193 sicut
224 2158 288 2193 etiam
301 2157 398 2194 diversos
409 2157 487 2200 gradus
500 2168 572 2193 rerum
584 2157 685 2200 instituit,
697 2160 719 2193 ut
732 2160 787 2194 esset
798 2158 845 2193 uni-

22 2237 106 2264 versum
123 2229 253 2272 perfectum;
271 2229 329 2265 unde
346 2228 420 2272 Apost.
439 2230 466 2265 ad
482 2229 560 2272 Ephes.
578 2229 596 2271 4,
614 2232 729 2272 postquam
748 2229 842 2266 dixerat:

21 2291 141 2344 Unicuique
157 2302 206 2338 data
220 2304 251 2338 est
265 2301 333 2344 gratia
348 2302 466 2337 secundnm
482 2311 604 2338 mensuram
621 2287 745 2338 donationis
760 2301 846 2343 Christi,

23 2362 344 2416 enumeratisdiversis-gratiis
357 2372 477 2415 subiungit:
494 2373 526 2409 Ad
541 2376 749 2410 consummationem
763 2378 846 2422 sancto-

23 2452 68 2478 rum
85 2444 106 2488 in
124 2444 295 2481 aedificationem
312 2445 410 2487 corporis
428 2444 507 2481 Christi
517 2458 534 2481 >a

36 2594 37 2597 ¹
72 2597 89 2617 aa
102 2594 159 2632 Resp.
172 2594 195 2626 ad
208 2604 249 2633 cap.
263 2594 332 2626 obiect.
346 2594 401 2632 Gall,
415 2595 439 2626 ad
453 2594 521 2626 ohiect.
535 2595 554 2631 5:
567 2595 600 2626 ML
614 2596 642 2633 51,
654 2595 697 2632 161:
710 2596 725 2627 R
740 2595 791 2627 2027-

102 2654 119 2685 s.
130 2654 164 2685 rh.
177 2656 192 2692 1,
202 2655 212 2686 2
223 2665 241 2693 q.
253 2655 287 2686 na
299 2665 315 2687 a.
326 2656 341 2686 r.

71 2717 88 2737 aa
102 2715 167 2752 1‚2q.
179 2715 200 2746 52
212 2725 227 2746 a.
240 2716 255 2746 l.
