1952 3093
378 58 487 94 „13-

23 176 122 218 aedificat
129 177 153 212 ³⁰.
167 174 285 211 Destruunt
300 173 364 211 etiam
378 174 488 211 orationes
500 184 554 219 quas
567 174 620 212 iacit
633 173 738 217 Ecclesia,
752 174 798 211 sive
812 183 853 217 pro

25 248 147 290 infidelibus
157 251 178 285 et
188 244 300 285 doctrinae
309 247 354 284 Deo
366 246 523 293 resistentibus,
534 250 557 284 ut
569 250 723 284 convertantur
735 247 763 283 ad
773 246 852 290 Deum3

26 325 70 362 sive
85 331 126 366 pro
142 319 249 365 fidelibus,
264 323 288 357 ut
304 322 406 364 augeatur
422 321 446 357 in
463 320 494 358 eis
510 319 570 365 fides
588 324 608 358 et
624 323 765 364 perseverent
781 319 805 356 in
823 330 853 356 ea.

25 397 82 435 Haec
95 394 176 438 quippe
189 403 233 431 non
248 392 275 430 ab
289 393 338 437 ipso
353 393 459 439 accipere,
475 394 513 431 sed
528 405 540 431 a
554 405 576 431 se
590 393 645 437 ipsis
659 393 760 431 homines
773 392 854 430 habere

26 467 165 511 contendunt,
179 466 270 509 gratiam
284 466 325 503 Dei
340 477 382 511 qua
396 466 515 504 liberamur
532 466 558 504 ab
574 466 692 510 impietate,
710 466 807 503 dicentes
824 477 855 503 se·

26 540 120 579 cundum
136 539 214 578 merita
231 542 305 576 nostra
322 539 375 576 dari.
394 539 456 582 Quod
472 539 561 584 quidem
576 539 675 583 Pelagius
692 540 716 576 in
733 537 855 582 episcopali

26 613 108 652 iudicio
123 612 245 650 Palaestino
263 613 361 649 damnari
377 615 481 656 metuens,
498 613 601 650 damnare
618 612 743 655 compulsus
760 614 800 656 est;
817 610 855 648 sed

28 688 49 723 111
65 684 223 729 posterioribus
242 685 286 722 suis
305 684 393 729 scriptis
411 686 454 723 hoc
472 685 584 722 invenitur
603 685 687 722 docere.
706 684 731 721 In
749 684 773 721 id
790 684 855 721 etiam

27 757 201 803 progrediuntur,
219 761 242 795 ut
262 758 336 795 dicant
353 758 420 795 vitam
438 758 544 795 iustorum
563 758 587 794 iu
605 758 647 794 hoc
667 757 753 794 saeculo
772 745 856 793 nullum

27 831 115 869 omnino
127 830 208 867 habere
221 833 341 874 peccatum,
357 835 376 868 et
391 842 416 868 ex
430 831 465 868 his
478 829 599 868 Ecclesiam
612 829 695 868 ‘Christi
708 830 731 866 in
744 829 786 866 hac
800 839 856 866 mor-

27 905 108 941 talitate
120 902 203 948 perfici,
216 906 240 940 ut
254 904 282 941 sit
295 904 385 941 omnino
399 904 446 940 sine
458 904 543 940 macula
557 907 578 940 et
592 913 644 946 ruga
652 907 679 948 31;
693 903 755 946 quasi
770 912 814 939 non
829 902 857 938 sit
922 938 924 942 ,

28 976 108 1014 Christi
124 975 228 1019 Ecclesia,
246 986 300 1020 quae
317 979 362 1013 toto
380 980 487 1014 terrarum
504 976 555 1013 orbe
573 976 651 1013 clamat
669 976 697 1013 ad
714 976 784 1012 Deum
802 975 857 1011 <<Ι)1-

28 1049 88 1086 mitte
106 1046 170 1085 nobis
190 1048 263 1086 debita
281 1051 407 1086 nostra»³².
425 1048 529 1085 Parvulos
549 1049 613 1085 etiam
633 1051 718 1091 negant,
737 1047 857 1085 secundum

28 1121 95 1158 Adam
108 1120 225 1158 carnaliter
237 1123 306 1165 natos,
318 1121 441 1164 contagium
454 1121 531 1158 mortis
545 1120 646 1165 antiquae
659 1120 731 1163 prima
745 1118 857 1157 nativitate

27 1191 161 1231 contrahere.
178 1191 214 1230 Sic
231 1192 290 1230 enim
305 1203 342 1230 eos
359 1193 406 1229 sine
422 1193 466 1230 ullo
484 1193 569 1236 peccati
586 1192 699 1235 originalis
716 1192 805 1229 vinculo
823 1203 855 1229 as-

29 1268 103 1302 serunt
117 1265 185 1309 nasci,
200 1268 224 1302 ut
239 1275 329 1309 prorsus
346 1276 390 1302 non
406 1267 434 1303 sit
450 1266 509 1309 quod
526 1266 558 1302 eis
575 1267 674 1308 oporteat
691 1264 788 1302 secunda
804 1263 858 1301 nati-

29 1338 93 1374 vitate
109 1337 200 1375 dimitti:
217 1337 304 1375 sedens
319 1341 434 1381 propterea
448 1337 562 1382 baptizari,
577 1341 600 1374 ut
613 1337 778 1380 regeneratione
793 1336 859 1380 adop-

30 1409 67 1446 tati
82 1409 223 1447 admittantur
237 1409 265 1446 ad
279 1419 369 1453 regnum
382 1408 430 1453 Dei,
446 1409 545 1447 debono
560 1410 583 1446 in
600 1406 677 1446 melius
692 1409 798 1453 translati,
814 1419 859 1446 non

30 1481 69 1518 ista
85 1481 225 1519 renovatione
240 1481 266 1518 ab
281 1481 352 1526 aliquo
368 1482 424 1518 malo
439 1481 579 1525 obligationis
594 1482 674 1519 veteris
690 1480 860 1519 absolutl.'Nam

29 1553 169 1590 etiamsinon
182 1552 325 1597 baptizentur,
339 1552 470 1596 promittunt
483 1553 515 1590 eis
527 1556 591 1590 extra
603 1563 694 1597 regnum
707 1553 796 1598 quidem
809 1553 856 1596 Dei,

31 1625 68 1662 sed
82 1628 154 1663 tamen
169 1629 278 1663 aeternam
292 1625 411 1663 etxbeatam
426 1626 542 1670 quamdam
557 1626 624 1663 vitam
640 1637 706 1663 suam.
719 1627 795 1670 Ipsum
809 1636 860 1670 quo-

31 1708 71 1740 que
82 1697 151 1734 Adam
165 1698 246 1742 dicunt,
257 1698 342 1735 etiamsi
354 1708 398 1735 non
410 1700 528 1742 peccasset,
539 1698 607 1736 luisse
619 1709 712 1742 corpore
724 1698 860 1741 moriturum,

32 1779 100 1813 neque
115 1770 145 1807 ita
176 1773 284 1807 mortuum
298 1770 376 1807 merito
392 1770 474 1814 culpae,
492 1771 530 1808 sed
546 1770 673 1808 conditione
690 1773 786 1808 naturae.
803 1770 861 1808 Obii-

32 1840 119 1878 ciuntur
134 1841 164 1879 eis
180 1845 201 1879 et
215 1842 257 1879 alia
272 1842 383 1885 nonnulla,
400 1842 438 1879 sed
452 1842 494 1880 ista
508 1845 558 1879 sunt
574 1842 675 1886 maxime,
690 1842 811 1887 exquibus
826 1843 859 1879 in-

33 1913 157 1957 telliguntur
173 1915 237 1951 etiam
252 1914 289 1951 illa
305 1915 339 1951 vel
356 1918 439 1958 cuncta,
456 1915 489 1952 vel
506 1926 561 1959 pene
578 1918 656 1953 cuncta
672 1915 768 1959 pendere
777 1928 787 1951 »
796 1918 821 1952 ³³.

85 1986 227 2030 Praecipuam
246 1989 330 2030 partem
350 1988 373 2023 in
394 1987 534 2024 confutandis
554 1987 676 2031 pelagianis
695 1998 711 2025 s.
730 1987 862 2032 Augustinus

32 2054 113 2101 habuit,
128 2058 165 2102 qui
180 2061 257 2096 contra
269 2069 306 2096 eos
320 2059 414 2096 maxime
429 2059 452 2096 in
468 2059 596 2097 necessitate
611 2059 693 2104 gratiae
707 2059 809 2097 insistere
825 2060 860 2097 de-

33 2127 102 2166 bebat.
114 2130 222 2168 Timasius
236 2134 256 2168 et
268 2131 366 2175 Iacobus,
381 2131 496 2175 «religiosi
510 2136 530 2169 et
543 2132 630 2169 honesti
644 2132 792 2170 adolescentes
805 2132 863 2169 servi

32 2198 98 2246 Dei..
115 2201 179 2246 qui...
196 2202 266 2246 ipsius
283 2202 365 2247 Pelagii
381 2203 531 2241 exhortatione
550 2215 611 2248 spem
627 2215 692 2249 quam
708 2204 818 2242 habebant
836 2205 859 2241 in

14 2297 16 2301 -
34 2273 119 2310 saeculo
132 2275 266 2319 reliquerunt
279 2278 299 2313 et
312 2286 370 2312 nunc
385 2276 520 2313 continentes
533 2277 578 2314 Deo
593 2277 708 2314 serviunt»
718 2280 735 2303 ³4
748 2279 864 2322 postquam

35 2353 47 2379 u
70 2345 226 2390 pelagianismo
243 2351 384 2393 recesserunt,
409 2347 527 2392 Augustino
554 2349 660 2387 dederunt
677 2349 757 2387 librum
775 2348 863 2393 Pelagii.

1 2438 3 2441 -
36 2433 179 2444 ,ἣ-

84 2481 101 2504 ³⁰
114 2479 124 2511 1
139 2478 176 2513 Cor
189 2480 206 2519 8,
221 2481 237 2513 1.

84 2538 158 2579 31Eph
174 2540 190 2580 5,
206 2539 235 2573 27.

85 2601 101 2623 ³2
114 2599 178 2632 Matth
193 2600 209 2640 6,
223 2601 251 2634 12.

84 2661 101 2682 ³3
114 2658 141 2691 De
154 2659 275 2700 haeresibus,
290 2661 321 2700 883
337 2663 371 2695 ML
386 2663 414 2701 42,
428 2662 450 2695 47
465 2674 480 2696 s.

85 2720 102 2742 ³⁴
116 2718 133 2751 S.
146 2719 226 2757 August.
240 2722 296 2759 epist.
311 2720 350 2761 177,
365 2723 384 2760 6;
398 2721 431 2754 ML
444 2722 472 2762 33,
486 2723 525 2756 767.
