1952 3093
478 24 587 63 -.46-

122 134 230 173 tificentur
242 138 332 179 propter
345 134 454 173 Christum
465 146 505 179 per
517 135 588 179 iidem,
601 145 666 180 quum
681 136 773 174 credunt
786 148 808 174 se
821 136 844 173 in
858 138 948 181 gratiam

122 209 192 253 recipi
205 212 225 246 et
238 212 328 252 peccata
343 208 424 245 remitti
438 212 530 253 propter·
543 207 658 254 Christum,
673 210 710 254 qui
725 221 763 247 sua
776 212 844 247 morte
858 220 899 254 pro
913 222 949 248 no-

122 283 173 319 stris
182 283 278 326 peccatis
289 282 401 319 satisfecit.
413 283 474 319 Hanc
484 282 548 319 tidem
559 283 652 325 imputat
661 282 718 319 Deus
729 293 770 326 pro
782 283 864 320 iustitia
877 293 950 320 coram

122 354 177 399 ipso,
191 355 251 393 Rorn.
265 356 277 393 3
292 358 312 392 et
325 356 356 392 4»
370 359 395 393 4⁰.

172 427 217 466 Art.
231 428 248 465 fi.
264 428 337 465 «Itern
352 429 437 474 docent,
452 429 510 473 quod
523 428 577 465 fides
591 429 629 465 itta
643 429 720 466 debeat
733 430 802 466 bonos
816 429 899 466 fructus
913 440 950 473 pa-

123 512 177 546 rere,
191 505 212 539 et
225 502 284 546 quod
299 505 399 546 oporteat
413 502 471 539 bona
487 512 553 545 opera
567 502 669 539 mandata
686 513 697 539 a
712 501 757 539 Deo
772 501 845 539 iacere
860 504 950 546 propter

123 575 255 612 voluntatem
265 575 312 619 Dei,
325 586 369 612 non
382 579 405 612 ut
417 575 550 612 confidamus
563 585 602 618 per
614 586 639 611 ea
651 585 717 617 opera
727 574 903 612 iustificationem
916 585 950 611 co-

123 658 169 684 ram
184 648 228 685 Deo
244 649 330 686 mereri.
345 648 399 685 Nam
415 648 514 685 remissio
528 650 667 691 peccatorum
683 651 703 684 61
717 646 841 684 iustificatio
857 647 899 685 fide
915 658 950 692 ap-

122 721 286 763 prehenditur...
295 725 339 758 »41.

173 793 220 846 Art.
240 794 271 831 18.
291 795 339 832 «De
357 795 426 832 libero
446 795 536 833 arbitrio
557 796 641 840 docent,
661 797 719 845 quod
738 798 833 835 humana
852 798 950 836 voluntas

123 867 201 905 habeat
214 867 309 912 aliquam
321 867 444 905 libertatern
456 869 483 906 ad
497 868 632 906 efficiendam
645 869 732 907 civilem
745 871 851 908 iustitiam
865 873 885 908 et
900 871 951 908 deii-

123 938 205 983 gennas
214 950 249 976 res
261 939 341 977 rationi
353 940 466 978 subiectas.
479 940 521 978 Sed
532 952 576 978 non
587 941 652 979 habet
663 942 707 979 vim
718 942 765 981 sine
777 942 859 987 Spiritu
871 942 949 981 Sancto

125 1011 250 1050 efficiendae
263 1013 359 1050 iustitiae
374 1014 414 1051 Dei
429 1024 465 1050 seu
480 1013 575 1051 iustitiae
590 1015 717 1060 spiritualis,
733 1016 784 1060 quia
798 1016 898 1053 animalis
912 1017 950 1054 ho-

124 1096 160 1122 mo
170 1096 214 1123 11011
224 1086 319 1130 percipit
330 1097 360 1130 ea,
370 1097 424 1131 quae
436 1091 485 1124 sunt
496 1086 589 1130 Spiritus
600 1088 649 1133 Dei3
661 1089 699 1125 sed
709 1089 762 1126 haec
773 1088 796 1126 iit
807 1090 830 1125 111
842 1090 951 1133 cordibus,

125 1169 191 1203 quum
203 1170 243 1203 per
256 1159 346 1197 verbum
362 1159 454 1203 Spiritus
471 1160 561 1197 Sanctus
577 1161 721 1205 concipitur...
736 1162 845 1199 Damnant
858 1162 951 1206 Pelagia-

125 1242 164 1269 nos
178 1234 198 1268 et
209 1232 269 1277 alios,
283 1233 320 1276 qui
335 1232 419 1276 docent,
433 1233 492 1277 quod
505 1232 552 1270 sine
566 1232 648 1276 Spiritu
662 1233 740 1271 Sancto
754 1234 805 1271 solis
819 1238 907 1271 naturae
921 1235 951 1271 vi-

125 1304 185 1342 ribus
198 1305 306 1349 possimus
320 1306 388 1341 Deum
400 1316 465 1349 super
479 1306 552 1343 omnia
566 1305 661 1350 diligere,
675 1306 726 1343 item
738 1309 855 1351 praecepta
868 1307 908 1344 Dei
922 1310 951 1345 sa·

126 1388 174 1415 cere
192 1378 264 1422 quoad
282 1378 424 1415 substantiam
442 1381 534 1415 actuum.
552 1378 684 1422 Quamquam
704 1378 761 1416 enim
780 1382 868 1416 externa
886 1391 952 1423 opera

126 1452 197 1496 aliquo
214 1452 279 1488 modo
296 1451 380 1488 efficere
397 1454 473 1487 natura
489 1451 559 1494 possit
579 1452 657 1494 (potest
674 1452 731 1488 enim
747 1452 859 1489 continere
876 1463 952 1489 manus

126 1535 138 1559 a
155 1524 219 1567 iurto,
237 1535 249 1560 a
266 1524 346 1566 caede),
364 1527 436 1560 tamen
452 1523 568 1560 interiores
586 1526 655 1560 motus
672 1534 715 1560 non
733 1526 804 1567 potest
822 1524 911 1568 efficere,
930 1528 952 1560 ut

126 1597 225 1633 timorem
240 1596 286 1639 Dei,
301 1595 404 1633 fiduciam
420 1604 469 1638 erga
482 1596 557 1640 Deum,
574 1595 699 1640 castitatem,
716 1595 844 1639 patientiam
860 1599 899 1633 cet.
908 1610 919 1632 »
928 1601 952 1632 ⁴2.

179 1669 223 1706 Art.
238 1669 270 1707 20.
287 1670 376 1713 «Quum
392 1668 458 1711 igitur
476 1668 575 1705 doctrina
592 1668 618 1705 de
633 1667 682 1714 fide,
698 1679 763 1713 qnam
778 1671 864 1712 oportet
879 1669 903 1704 111
920 1680 952 1706 ec-

127 1741 192 1778 elesia
209 1742 350 1785 praecipuam
370 1751 423 1783 esse,
441 1743 484 1776 tam
506 1740 543 1777 diu
560 1740 652 1777 iacuerit
671 1740 750 1784 ignota,
770 1741 952 1785 quemadmodum

127 1814 190 1851 iateri
202 1825 277 1851 omnes
290 1824 378 1851 necesse
391 1817 428 1858 est,
441 1813 467 1849 de
477 1812 527 1849 fidei
541 1812 624 1849 iustitia
636 1812 764 1850 altissimum
778 1813 888 1850 sitentium
901 1813 953 1850 fuis-

126 1898 148 1924 se
161 1888 184 1924 iu
199 1887 348 1930 concionibus,
363 1889 446 1923 tautum
462 1884 583 1923 doctrinam
598 1896 688 1928 operum
701 1887 809 1923 versatam
823 1896 869 1923 esse
882 1886 905 1922 111
920 1897 952 1924 60-

127 1960 205 2004 0165115,
222 1960 291 1997 nostri
307 1960 332 1997 de
348 1959 437 1996 fidesic
453 1959 611 1995 admonuerunt
627 1958 739 1995 ecclesias:
758 1958 877 2003 Principio,
895 1959 953 2003 quod

127 2044 193 2077 opera
207 2036 281 2070 nostra
296 2043 339 2070 non
353 2032 439 2076 possint
453 2030 595 2069 reconciliare
610 2031 684 2078 Deum,
700 2034 736 2068 aut
751 2031 829 2068 mereri
845 2030 953 2068 remissio-

127 2118 176 2143 nem
186 2110 324 2150 peccatorum
337 2109 357 2142 et
369 2106 460 2149 gratiam
473 2108 493 2141 et
504 2103 685 2147 iustificationem,
698 2104 736 2141 sed
748 2104 805 2141 hanc
816 2106 899 2141 tantum
911 2103 953 2140 fide

128 2180 286 2223 consequimur,
300 2179 419 2220 credentes,
432 2178 490 2221 quod
504 2179 592 2220 propter
605 2175 713 2213 Christum
727 2175 859 2219 recipiamur
870 2177 893 2212 in
907 2185 953 2219 gra-

126 2253 184 2295 tiam,
195 2252 232 2296 qui
243 2252 300 2288 solus
311 2251 395 2294 positus
407 2253 438 2286 est
450 2248 556 2286 mediator
568 2252 588 2286 et
599 2249 783 2293 propitiatorium,
794 2259 907 2293 perquem
919 2260 950 2285 16-

128 2324 256 2362 concilietur
267 2323 336 2360 Pater.
348 2323 422 2367 Itaque
435 2322 471 2366 qui
484 2320 574 2358 confidit
586 2321 688 2365 operibus
699 2332 721 2358 se
734 2321 812 2358 mereri
823 2321 920 2365 gratiam,
933 2320 951 2356 is

128 2400 256 2439 aspernatur
266 2395 346 2433 Christi
356 2394 457 2432 meritum
467 2397 487 2431 et
497 2394 593 2437 gratiam,
603 2396 624 2431 et
632 2394 717 2438 quaerit
726 2394 773 2431 sine
783 2392 868 2430 Christo
879 2393 952 2430 huma-

127 2469 161 2505 nis
174 2469 257 2505 virihus
270 2468 327 2505 viam
339 2468 366 2504 ad
378 2468 453 2509 Deum,
465 2477 530 2510 quum
544 2465 641 2503 Christus
655 2466 681 2503 de
693 2478 715 2503 se
729 2466 808 2502 dixerit
819 2465 867 2503 Joh.
881 2466 912 2509 14,
926 2464 948 2502 6:

176 2582 193 2604 4⁰
207 2578 255 2611 ibid.
269 2578 298 2611 39.

176 2643 193 2663 41
208 2639 256 2671 Ibid.
271 2638 299 2671 40.

176 2705 194 2725 4²
208 2700 256 2733 Ibid.
271 2700 293 2732 43
308 2710 322 2732 s.
