1952 3093
383 330 495 368 Tnnonoor

80 487 100 524 S.
112 486 207 523 Tironis
221 486 239 529 1,
252 485 264 521 2
277 497 298 530 q.
312 486 349 523 109
362 497 381 522 a.
394 486 405 523 9
419 474 515 530 quaerit:
531 486 627 523 «Utrum
640 486 683 529 iile,
695 486 733 529 qui
744 485 789 522 iam
802 495 852 521 con-

29 562 112 600 secutus
128 561 160 596 est
174 554 272 602 gratiam,
289 569 329 601 per
345 558 440 601 seipsum
457 551 527 601 possit
544 558 630 601 operari
646 558 728 595 honum
747 560 767 594 et
783 557 852 594 vitare

30 633 141 678 peceatum
156 630 236 674 absque
251 630 332 667 auxilio
347 629 455 673 gratiae»,
469 633 489 666 et
503 630 630 672 respondet:
649 629 737 666 «Homo
753 629 781 666 ad
796 631 854 666 recte

29 702 144 742 vivendum
159 701 277 746 dupliciter
289 701 370 739 auxilio
383 701 424 738 Dei
438 702 532 745 indiget:
548 712 592 738 uno
605 702 693 745 quidem
707 701 772 738 modo
786 711 853 745 quan-

29 781 72 813 tum
89 774 117 810 ad
133 773 222 818 aliquod
238 773 348 811 habituale
364 773 453 817 donum,
470 785 510 817 per
527 773 586 817 quod
602 776 679 810 natura
694 772 789 810 humana
806 782 853 810 cor·

29 849 91 891 rupta
102 848 189 882 sanetur
201 848 222 882 et
233 845 297 882 etiarn
308 848 383 897 sanata
394 845 490 892 elevetur
501 845 529 882 ad
540 845 652 899 operanda
664 855 730 888 opera
742 844 854 882 meritoria

29 920 83 957 vitae
103 921 208 961 aeternae,
227 929 281 961 quae
301 918 408 955 excedunt
427 918 591 960 proportionem
610 921 709 961 naturae3
730 917 771 954 alio
790 916 855 953 modo

29 990 110 1033 indiget
119 989 184 1027 homo
195 989 276 1027 auxilio
287 990 375 1033 gratiae,
386 992 409 1026 ut
420 1001 432 1026 a
442 990 487 1027 Deo
498 993 609 1026 moveatur
621 990 649 1026 ad
660 989 773 1032 agendum.
785 991 854 1033 Quan-

29 1067 73 1100 tum
84 1061 151 1105 igitur
163 1062 190 1098 ad
202 1061 297 1105 primum
306 1061 385 1098 auxilii
396 1062 484 1098 modum
497 1062 561 1098 homo
574 1061 597 1097 in
610 1061 679 1106 gratia
692 1061 799 1097 exsistens
809 1071 854 1097 non

30 1133 111 1176 indiget
124 1133 166 1170 alio
179 1132 260 1171 auxilio
273 1133 360 1177 gratiae,
372 1134 434 1177 quasi
447 1134 519 1178 aliquo
532 1133 574 1170 alio
586 1133 663 1170 habitu
675 1133 758 1178 int-uso;
772 1118 856 1182 indiget

30 1211 100 1242 tamen
117 1205 198 1242 auxilio
214 1205 295 1247 gratiae
313 1197 435 1242 secundum*
447 1193 514 1242 alium
527 1205 624 1248 modum,
640 1208 663 1241 ut
680 1205 765 1241 scilieet
782 1216 794 1241 a
808 1199 854 1259 Deo

30 1280 140 1317 moveatur
156 1277 183 1313 ad
198 1279 256 1321 recte
271 1278 384 1320 agendum.
399 1276 426 1313 Et
441 1277 483 1314 hoc
499 1260 589 1321 propter
606 1277 659 1314 duo:
678 1277 749 1319 primo
766 1262 855 1325 quidem

30 1348 112 1385 ratione
128 1348 223 1392 generali
238 1351 329 1392 propter
342 1349 390 1392 hoc,
406 1349 471 1393 quod,
488 1349 545 1386 sicut
561 1360 626 1392 supra
643 1349 725 1386 dictum
741 1352 779 1392 est,
796 1348 856 1384 nulla

31 1432 64 1457 res
78 1423 150 1457 creata
163 1423 235 1463 potest
247 1420 270 1456 in
286 1431 443 1464 quemcumque
458 1424 530 1457 actum
545 1421 641 1464 prodire,
658 1420 701 1456 nisi
716 1421 796 1457 virtute
812 1431 856 1456 mo-

30 1492 95 1529 tionis
108 1492 204 1536 divinae;
218 1493 314 1529 secundo
326 1484 410 1529 ratione
422 1493 512 1535 speciali
523 1495 614 1535 propter
626 1492 775 1529 conditionem
788 1494 855 1529 status

30 1563 136 1600 humanae
149 1566 245 1607 naturae,
257 1574 312 1607 quae
324 1560 419 1614 quidem,
432 1558 484 1601 iicet
496 1575 536 1608 per
547 1564 638 1607 gratiam
651 1567 740 1601 sanetur
752 1566 856 1608 quantum

30 1637 56 1672 ad
68 1639 168 1679 mentem,
182 1640 279 1674 remanet
291 1640 363 1674 tamer.
376 1636 399 1672 in
413 1648 438 1674 ea
451 1636 563 1683 corruptio
577 1640 597 1674 et
609 1636 699 1674 infectio
712 1639 815 1680 quantum
829 1624 857 1689 ad

31 1717 124 1750 carnem,
135 1719 175 1750 per
185 1718 249 1752 quam
260 1708 327 1744 servit
336 1708 380 1752 legi
390 1708 482 1752 peceati,
493 1711 517 1745 ut
529 1708 609 1745 dicitur
621 1709 648 1745 ad
658 1708 713 1745 Rom
724 1709 746 1752 73
759 1709 857 1745 remanet

32 1780 95 1815 etiam
116 1780 222 1823 quaedam
245 1779 381 1823 ignorantiae
404 1780 525 1817 obscuritas
548 1780 571 1815 in
595 1780 713 1824 intellectu,
737 1780 856 1817 seeundum

32 1860 101 1894 quam,
114 1852 217 1889 ut=etiam
232 1851 313 1889 dicitur
325 1852 379 1889 Rom
393 1851 416 1888 8:
434 1851 490 1895 Quid
504 1862 596 1896 oremus,
612 1852 667 1889 sicut
682 1855 773 1895 oportet,
787 1852 857 1890 nesci-

31 1933 84 1959 mus.
97 1922 189 1967 Propter
203 1922 276 1960 varios
287 1924 347 1960 enim
361 1934 433 1960 rernm
449 1927 544 1967 euentus,
559 1926 580 1960 et
594 1924 645 1967 quia
660 1924 725 1981 etiam
740 1935 780 1960 nos
796 1925 856 1967 ipsos

32 2004 75 2031 non
91 1995 188 2037 perfecte
203 1995 363 2039 cognoscimus,
380 2005 425 2032 non
440 2006 555 2040 possumus
572 1996 599 2032 ad
616 1996 705 2039 plenum
723 1996 786 2039 scire,
803 1995 857 2040 quid

32 2065 94 2103 nobis
109 2066 217 2111 expediat,
231 2067 350 2104 seeundum
364 2067 419 2104 illud
434 2067 475 2111 Sap
491 2068 514 2104 9:
532 2066 677 2110 Cogitationes
693 2068 817 2104 mortalium
832 2068 857 2104 ti-

32 2137 109 2181 midae,
124 2141 144 2175 et
157 2139 253 2176 incertae
267 2138 418 2182 providentiae
433 2143 528 2183 nostrae;
543 2142 563 2175 et
575 2139 625 2176 ideo
639 2150 728 2176 necesse
742 2143 773 2176 est
787 2139 857 2183 nobis,

31 2211 54 2244 ut
65 2220 76 2245 a
87 2210 131 2246 Deo
143 2210 262 2254 dirigamur
271 2214 292 2247 et
302 2214 447 2254 protegamur,
458 2212 495 2255 qui
506 2211 579 2248 omnia
590 2211 651 2248 novit
663 2214 684 2248 et
695 2211 768 2248 omnia
779 2214 857 2255 potest.

32 2279 57 2317 Et
69 2284 160 2325 propter
170 2282 213 2319 hoc
226 2281 291 2319 etiam
304 2282 385 2319 renatis
397 2283 421 2318 in
433 2282 489 2320 fflios
501 2283 542 2319 Dei
553 2293 593 2325 per
604 2284 696 2326 gratiam
710 2285 813 2320 convenit
827 2284 863 2320 di·-

33 2362 90 2389 cere:
104 2352 131 2390 Et
142 2364 169 2391 ne
180 2364 220 2391 nos
232 2354 323 2391 inducas
335 2354 358 2390 in
370 2354 520 2398 tentationem3
533 2357 564 2391 et:
579 2354 626 2391 Fiat
638 2355 737 2392 voluntas
748 2358 791 2400 tua,
802 2355 858 2392 sicut

32 2423 54 2458 in
66 2425 131 2468 caelo,
143 2428 164 2462 et
173 2426 196 2461 in
208 2429 271 2469 terra,
281 2428 302 2463 et
311 2429 402 2468 caetera,
412 2437 466 2469 quae
477 2426 499 2462 in
511 2426 608 2463 oratione
619 2426 734 2464 Dominica
746 2429 858 2464 continen-

33 2497 67 2532 tur
79 2497 106 2533 ad
119 2497 162 2534 hoc
174 2497 333 2541 pertinentia».
