<?xml version="1.0" encoding="UTF-8"?>
<!DOCTYPE html PUBLIC "-//W3C//DTD XHTML 1.0 Transitional//EN"
    "http://www.w3.org/TR/xhtml1/DTD/xhtml1-transitional.dtd">
<html xmlns="http://www.w3.org/1999/xhtml" xml:lang="en" lang="en">
 <head>
  <title>
</title>
<meta http-equiv="Content-Type" content="text/html;charset=utf-8" />
  <meta name='ocr-system' content='tesseract 3.04.00' />
  <meta name='ocr-capabilities' content='ocr_page ocr_carea ocr_par ocr_line ocrx_word'/>
</head>
<body>
  <div class='ocr_page' id='page_1' title='image "./MN41638ucmf_6_0323.png"; bbox 0 0 1952 3093; ppageno 0'>
   <div class='ocr_carea' id='block_1_1' title="bbox 431 52 552 91">
    <p class='ocr_par' dir='ltr' id='par_1_1' title="bbox 431 52 552 91">
     <span class='ocr_line' id='line_1_1' title="bbox 431 52 552 91; baseline 0 0"><span class='ocrx_word' id='word_1_1' title='bbox 431 52 552 91; x_wconf 67' lang='lat'><strong>-299-</strong></span> 
     </span>
    </p>
   </div>
   <div class='ocr_carea' id='block_1_2' title="bbox 78 171 906 219">
    <p class='ocr_par' dir='ltr' id='par_1_2' title="bbox 78 171 906 219">
     <span class='ocr_line' id='line_1_2' title="bbox 78 171 906 219; baseline -0.006 -5"><span class='ocrx_word' id='word_1_2' title='bbox 78 181 118 215; x_wconf 86' lang='lat' dir='ltr'>tur.</span> <span class='ocrx_word' id='word_1_3' title='bbox 132 177 186 214; x_wconf 91' lang='lat' dir='ltr'>Tum</span> <span class='ocrx_word' id='word_1_4' title='bbox 200 176 320 219; x_wconf 78' lang='lat' dir='ltr'>intelligere</span> <span class='ocrx_word' id='word_1_5' title='bbox 332 179 377 212; x_wconf 89' lang='lat' dir='ltr'>tum</span> <span class='ocrx_word' id='word_1_6' title='bbox 391 175 445 212; x_wconf 87' lang='lat' dir='ltr'>velle</span> <span class='ocrx_word' id='word_1_7' title='bbox 459 175 583 212; x_wconf 76' lang='lat' dir='ltr'>immediate</span> <span class='ocrx_word' id='word_1_8' title='bbox 598 178 618 212; x_wconf 90' lang='lat' dir='ltr'>et</span> <span class='ocrx_word' id='word_1_9' title='bbox 632 174 724 212; x_wconf 88' lang='lat' dir='ltr'>mediate</span> <span class='ocrx_word' id='word_1_10' title='bbox 740 185 751 211; x_wconf 88' lang='lat' dir='ltr'>a</span> <span class='ocrx_word' id='word_1_11' title='bbox 763 174 808 211; x_wconf 92' lang='lat' dir='ltr'>Deo</span> <span class='ocrx_word' id='word_1_12' title='bbox 820 171 906 215; x_wconf 84' lang='lat' dir='ltr'>causari</span> 
     </span>
    </p>
   </div>
   <div class='ocr_carea' id='block_1_3' title="bbox 77 245 944 2749">
    <p class='ocr_par' dir='ltr' id='par_1_3' title="bbox 77 245 944 2749">
     <span class='ocr_line' id='line_1_3' title="bbox 78 245 907 294; baseline -0.005 -8"><span class='ocrx_word' id='word_1_13' title='bbox 78 250 175 294; x_wconf 84' lang='lat' dir='ltr'>possunt.</span> <span class='ocrx_word' id='word_1_14' title='bbox 188 248 312 285; x_wconf 73' lang='lat' dir='ltr'>Intellectus</span> <span class='ocrx_word' id='word_1_15' title='bbox 325 247 418 285; x_wconf 85' lang='lat' dir='ltr'>mediate</span> <span class='ocrx_word' id='word_1_16' title='bbox 430 247 572 290; x_wconf 89' lang='lat' dir='ltr'>illuminatur,</span> <span class='ocrx_word' id='word_1_17' title='bbox 585 258 635 284; x_wconf 89' lang='lat' dir='ltr'>cum</span> <span class='ocrx_word' id='word_1_18' title='bbox 648 247 668 284; x_wconf 92' lang='lat' dir='ltr'>ei</span> <span class='ocrx_word' id='word_1_19' title='bbox 680 246 760 284; x_wconf 88' lang='lat' dir='ltr'>veritas</span> <span class='ocrx_word' id='word_1_20' title='bbox 773 245 845 290; x_wconf 84' lang='lat' dir='ltr'>aliqua</span> <span class='ocrx_word' id='word_1_21' title='bbox 858 256 907 289; x_wconf 82' lang='lat' dir='ltr'>pro-</span> 
     </span>
     <span class='ocr_line' id='line_1_4' title="bbox 78 318 906 365; baseline -0.005 -7"><span class='ocrx_word' id='word_1_22' title='bbox 78 321 167 365; x_wconf 78' lang='lat' dir='ltr'>ponitur</span> <span class='ocrx_word' id='word_1_23' title='bbox 180 321 206 362; x_wconf 73' lang='lat' dir='ltr'>(e.</span> <span class='ocrx_word' id='word_1_24' title='bbox 217 329 236 364; x_wconf 77' lang='lat' dir='ltr'>g.</span> <span class='ocrx_word' id='word_1_25' title='bbox 245 320 268 357; x_wconf 92' lang='lat' dir='ltr'>in</span> <span class='ocrx_word' id='word_1_26' title='bbox 279 320 444 364; x_wconf 87' lang='lat' dir='ltr'>praedicatione</span> <span class='ocrx_word' id='word_1_27' title='bbox 456 319 577 363; x_wconf 77' lang='lat' dir='ltr'>evangelii),</span> <span class='ocrx_word' id='word_1_28' title='bbox 588 330 630 363; x_wconf 81' lang='lat' dir='ltr'>qua</span> <span class='ocrx_word' id='word_1_29' title='bbox 641 319 706 356; x_wconf 91' lang='lat' dir='ltr'>horno</span> <span class='ocrx_word' id='word_1_30' title='bbox 719 318 838 356; x_wconf 92' lang='lat' dir='ltr'>secundum</span> <span class='ocrx_word' id='word_1_31' title='bbox 849 318 906 361; x_wconf 78' lang='lat' dir='ltr'>leges</span> 
     </span>
     <span class='ocr_line' id='line_1_5' title="bbox 79 391 906 438; baseline -0.006 -8"><span class='ocrx_word' id='word_1_32' title='bbox 79 396 167 430; x_wconf 87' lang='lat' dir='ltr'>naturae</span> <span class='ocrx_word' id='word_1_33' title='bbox 182 392 210 430; x_wconf 90' lang='lat' dir='ltr'>ad</span> <span class='ocrx_word' id='word_1_34' title='bbox 225 392 308 437; x_wconf 87' lang='lat' dir='ltr'>aliquid</span> <span class='ocrx_word' id='word_1_35' title='bbox 325 391 500 438; x_wconf 77' lang='lat' dir='ltr'>cognoscendum</span> <span class='ocrx_word' id='word_1_36' title='bbox 516 394 621 429; x_wconf 83' lang='lat' dir='ltr'>movetur.</span> <span class='ocrx_word' id='word_1_37' title='bbox 637 392 695 428; x_wconf 89' lang='lat' dir='ltr'>Talis</span> <span class='ocrx_word' id='word_1_38' title='bbox 710 391 842 428; x_wconf 90' lang='lat' dir='ltr'>illuminatio</span> <span class='ocrx_word' id='word_1_39' title='bbox 859 401 906 434; x_wconf 87' lang='lat' dir='ltr'>per·</span> 
     </span>
     <span class='ocr_line' id='line_1_6' title="bbox 79 462 906 509; baseline -0.004 -7"><span class='ocrx_word' id='word_1_40' title='bbox 79 466 133 502; x_wconf 92' lang='lat' dir='ltr'>tinet</span> <span class='ocrx_word' id='word_1_41' title='bbox 148 465 176 503; x_wconf 88' lang='lat' dir='ltr'>ad</span> <span class='ocrx_word' id='word_1_42' title='bbox 189 465 269 509; x_wconf 81' lang='lat' dir='ltr'>gratias</span> <span class='ocrx_word' id='word_1_43' title='bbox 285 468 391 501; x_wconf 84' lang='lat' dir='ltr'>externas.</span> <span class='ocrx_word' id='word_1_44' title='bbox 406 464 500 501; x_wconf 84' lang='lat' dir='ltr'>Mediata</span> <span class='ocrx_word' id='word_1_45' title='bbox 515 475 599 508; x_wconf 85' lang='lat' dir='ltr'>quoque</span> <span class='ocrx_word' id='word_1_46' title='bbox 615 464 702 501; x_wconf 89' lang='lat' dir='ltr'>videtur</span> <span class='ocrx_word' id='word_1_47' title='bbox 718 463 811 500; x_wconf 88' lang='lat' dir='ltr'>dicenda</span> <span class='ocrx_word' id='word_1_48' title='bbox 827 462 906 500; x_wconf 90' lang='lat' dir='ltr'>illumi-</span> 
     </span>
     <span class='ocr_line' id='line_1_7' title="bbox 79 535 906 581; baseline -0.002 -7"><span class='ocrx_word' id='word_1_49' title='bbox 79 537 145 581; x_wconf 88' lang='lat' dir='ltr'>natio,</span> <span class='ocrx_word' id='word_1_50' title='bbox 162 537 248 581; x_wconf 83' lang='lat' dir='ltr'>quando</span> <span class='ocrx_word' id='word_1_51' title='bbox 266 537 386 574; x_wconf 87' lang='lat' dir='ltr'>intellectui</span> <span class='ocrx_word' id='word_1_52' title='bbox 404 536 528 574; x_wconf 82' lang='lat' dir='ltr'><strong>immediate</strong></span> <span class='ocrx_word' id='word_1_53' title='bbox 546 537 634 581; x_wconf 86' lang='lat' dir='ltr'>quidem</span> <span class='ocrx_word' id='word_1_54' title='bbox 651 536 798 573; x_wconf 85' lang='lat' dir='ltr'>infunduntur</span> <span class='ocrx_word' id='word_1_55' title='bbox 815 535 906 579; x_wconf 86' lang='lat' dir='ltr'>species,-</span> 
     </span>
     <span class='ocr_line' id='line_1_8' title="bbox 79 598 906 653; baseline -0.005 -6"><span class='ocrx_word' id='word_1_56' title='bbox 79 612 139 647; x_wconf 90' lang='lat' dir='ltr'>actus</span> <span class='ocrx_word' id='word_1_57' title='bbox 156 612 227 646; x_wconf 88' lang='lat' dir='ltr'>autem</span> <span class='ocrx_word' id='word_1_58' title='bbox 245 608 377 652; x_wconf 81' lang='lat' dir='ltr'>cognitionis</span> <span class='ocrx_word' id='word_1_59' title='bbox 395 608 492 653; x_wconf 85' lang='lat' dir='ltr'>sequitur</span> <span class='ocrx_word' id='word_1_60' title='bbox 510 598 643 651; x_wconf 74' lang='lat' dir='ltr'>simpliciter</span> <span class='ocrx_word' id='word_1_61' title='bbox 657 608 777 645; x_wconf 90' lang='lat' dir='ltr'>secundum</span> <span class='ocrx_word' id='word_1_62' title='bbox 794 607 906 651; x_wconf 87' lang='lat' dir='ltr'>principia</span> 
     </span>
     <span class='ocr_line' id='line_1_9' title="bbox 80 680 906 726; baseline -0.002 -8"><span class='ocrx_word' id='word_1_63' title='bbox 80 692 137 719; x_wconf 92' lang='lat' dir='ltr'>mere</span> <span class='ocrx_word' id='word_1_64' title='bbox 149 681 265 726; x_wconf 89' lang='lat' dir='ltr'>naturalia;</span> <span class='ocrx_word' id='word_1_65' title='bbox 278 681 321 718; x_wconf 88' lang='lat' dir='ltr'>hoc</span> <span class='ocrx_word' id='word_1_66' title='bbox 332 685 355 719; x_wconf 89' lang='lat' dir='ltr'>nt</span> <span class='ocrx_word' id='word_1_67' title='bbox 365 683 425 724; x_wconf 89' lang='lat' dir='ltr'>patet</span> <span class='ocrx_word' id='word_1_68' title='bbox 436 680 541 724; x_wconf 88' lang='lat' dir='ltr'>possibile</span> <span class='ocrx_word' id='word_1_69' title='bbox 554 681 623 718; x_wconf 90' lang='lat' dir='ltr'>solum</span> <span class='ocrx_word' id='word_1_70' title='bbox 636 683 673 725; x_wconf 79' lang='lat' dir='ltr'>est¹</span> <span class='ocrx_word' id='word_1_71' title='bbox 685 680 704 717; x_wconf 90' lang='lat' dir='ltr'>si</span> <span class='ocrx_word' id='word_1_72' title='bbox 717 680 801 724; x_wconf 89' lang='lat' dir='ltr'>species</span> <span class='ocrx_word' id='word_1_73' title='bbox 813 680 864 717; x_wconf 89' lang='lat' dir='ltr'>illae</span> <span class='ocrx_word' id='word_1_74' title='bbox 875 680 906 716; x_wconf 89' lang='lat' dir='ltr'>in-</span> 
     </span>
     <span class='ocr_line' id='line_1_10' title="bbox 80 752 907 796; baseline -0.002 -6"><span class='ocrx_word' id='word_1_75' title='bbox 80 754 140 790; x_wconf 78' lang='lat' dir='ltr'>fusae</span> <span class='ocrx_word' id='word_1_76' title='bbox 155 754 182 790; x_wconf 88' lang='lat' dir='ltr'>ad</span> <span class='ocrx_word' id='word_1_77' title='bbox 196 753 295 791; x_wconf 81' lang='lat' dir='ltr'>ordinem</span> <span class='ocrx_word' id='word_1_78' title='bbox 311 763 369 791; x_wconf 89' lang='lat' dir='ltr'>mere</span> <span class='ocrx_word' id='word_1_79' title='bbox 384 754 504 790; x_wconf 78' lang='lat' dir='ltr'>naturalem</span> <span class='ocrx_word' id='word_1_80' title='bbox 519 752 638 796; x_wconf 78' lang='lat' dir='ltr'>pertinent3</span> <span class='ocrx_word' id='word_1_81' title='bbox 655 764 681 789; x_wconf 82' lang='lat' dir='ltr'>ex</span> <span class='ocrx_word' id='word_1_82' title='bbox 695 752 737 789; x_wconf 87' lang='lat' dir='ltr'>hoc</span> <span class='ocrx_word' id='word_1_83' title='bbox 753 755 823 789; x_wconf 87' lang='lat' dir='ltr'>autem</span> <span class='ocrx_word' id='word_1_84' title='bbox 838 762 907 796; x_wconf 81' lang='lat' dir='ltr'>exem-</span> 
     </span>
     <span class='ocr_line' id='line_1_11' title="bbox 79 824 907 869; baseline -0.002 -7"><span class='ocrx_word' id='word_1_85' title='bbox 79 826 116 869; x_wconf 90' lang='lat' dir='ltr'>plo</span> <span class='ocrx_word' id='word_1_86' title='bbox 134 828 230 869; x_wconf 86' lang='lat' dir='ltr'>apparet,</span> <span class='ocrx_word' id='word_1_87' title='bbox 246 825 379 864; x_wconf 79' lang='lat' dir='ltr'>inlusionem</span> <span class='ocrx_word' id='word_1_88' title='bbox 397 825 518 869; x_wconf 82' lang='lat' dir='ltr'>specierum</span> <span class='ocrx_word' id='word_1_89' title='bbox 535 835 577 869; x_wconf 87' lang='lat' dir='ltr'>qua</span> <span class='ocrx_word' id='word_1_90' title='bbox 593 825 657 862; x_wconf 90' lang='lat' dir='ltr'>talem</span> <span class='ocrx_word' id='word_1_91' title='bbox 674 835 714 868; x_wconf 90' lang='lat' dir='ltr'>per</span> <span class='ocrx_word' id='word_1_92' title='bbox 732 836 754 862; x_wconf 89' lang='lat' dir='ltr'>se</span> <span class='ocrx_word' id='word_1_93' title='bbox 771 835 815 861; x_wconf 93' lang='lat' dir='ltr'>non</span> <span class='ocrx_word' id='word_1_94' title='bbox 834 824 907 861; x_wconf 81' lang='lat' dir='ltr'>dicere</span> 
     </span>
     <span class='ocr_line' id='line_1_12' title="bbox 80 896 907 941; baseline -0.002 -7"><span class='ocrx_word' id='word_1_95' title='bbox 80 897 227 935; x_wconf 81' lang='lat' dir='ltr'>immediatam</span> <span class='ocrx_word' id='word_1_96' title='bbox 246 897 435 941; x_wconf 82' lang='lat' dir='ltr'>illuminationem,</span> <span class='ocrx_word' id='word_1_97' title='bbox 455 897 473 935; x_wconf 90' lang='lat' dir='ltr'>si</span> <span class='ocrx_word' id='word_1_98' title='bbox 492 907 535 934; x_wconf 88' lang='lat' dir='ltr'>non</span> <span class='ocrx_word' id='word_1_99' title='bbox 555 897 640 934; x_wconf 89' lang='lat' dir='ltr'>aceedit</span> <span class='ocrx_word' id='word_1_100' title='bbox 660 897 762 940; x_wconf 89' lang='lat' dir='ltr'>specialis</span> <span class='ocrx_word' id='word_1_101' title='bbox 782 896 907 941; x_wconf 86' lang='lat' dir='ltr'>cooperatio</span> 
     </span>
     <span class='ocr_line' id='line_1_13' title="bbox 80 971 907 1016; baseline -0.002 -8"><span class='ocrx_word' id='word_1_102' title='bbox 80 972 102 1008; x_wconf 90' lang='lat' dir='ltr'>in</span> <span class='ocrx_word' id='word_1_103' title='bbox 119 972 167 1016; x_wconf 91' lang='lat' dir='ltr'>ipsa</span> <span class='ocrx_word' id='word_1_104' title='bbox 185 972 341 1016; x_wconf 80' lang='lat' dir='ltr'>intellectione3</span> <span class='ocrx_word' id='word_1_105' title='bbox 359 971 414 1009; x_wconf 90' lang='lat' dir='ltr'>haec</span> <span class='ocrx_word' id='word_1_106' title='bbox 432 975 503 1009; x_wconf 90' lang='lat' dir='ltr'>autem</span> <span class='ocrx_word' id='word_1_107' title='bbox 520 972 644 1009; x_wconf 88' lang='lat' dir='ltr'>necessaria</span> <span class='ocrx_word' id='word_1_108' title='bbox 662 975 699 1015; x_wconf 88' lang='lat' dir='ltr'>est,</span> <span class='ocrx_word' id='word_1_109' title='bbox 718 971 735 1008; x_wconf 90' lang='lat' dir='ltr'>si</span> <span class='ocrx_word' id='word_1_110' title='bbox 755 971 839 1014; x_wconf 87' lang='lat' dir='ltr'>species</span> <span class='ocrx_word' id='word_1_111' title='bbox 858 973 907 1008; x_wconf 89' lang='lat' dir='ltr'>sunt</span> 
     </span>
     <span class='ocr_line' id='line_1_14' title="bbox 80 1043 908 1090; baseline -0.002 -9"><span class='ocrx_word' id='word_1_112' title='bbox 80 1044 168 1081; x_wconf 85' lang='lat' dir='ltr'>alterius</span> <span class='ocrx_word' id='word_1_113' title='bbox 183 1044 268 1082; x_wconf 89' lang='lat' dir='ltr'>ordinis</span> <span class='ocrx_word' id='word_1_114' title='bbox 288 1044 380 1090; x_wconf 82' lang='lat' dir='ltr'>(species</span> <span class='ocrx_word' id='word_1_115' title='bbox 397 1055 437 1088; x_wconf 90' lang='lat' dir='ltr'>per</span> <span class='ocrx_word' id='word_1_116' title='bbox 453 1055 475 1081; x_wconf 88' lang='lat' dir='ltr'>se</span> <span class='ocrx_word' id='word_1_117' title='bbox 490 1044 591 1088; x_wconf 83' lang='lat' dir='ltr'>infusae),</span> <span class='ocrx_word' id='word_1_118' title='bbox 608 1054 678 1088; x_wconf 87' lang='lat' dir='ltr'>neque</span> <span class='ocrx_word' id='word_1_119' title='bbox 693 1044 715 1080; x_wconf 92' lang='lat' dir='ltr'>in</span> <span class='ocrx_word' id='word_1_120' title='bbox 733 1044 770 1081; x_wconf 90' lang='lat' dir='ltr'>tali</span> <span class='ocrx_word' id='word_1_121' title='bbox 787 1055 838 1080; x_wconf 88' lang='lat' dir='ltr'>casu</span> <span class='ocrx_word' id='word_1_122' title='bbox 855 1043 908 1080; x_wconf 86' lang='lat' dir='ltr'>haec</span> 
     </span>
     <span class='ocr_line' id='line_1_15' title="bbox 81 1115 907 1160; baseline -0.001 -7"><span class='ocrx_word' id='word_1_123' title='bbox 81 1116 205 1160; x_wconf 90' lang='lat' dir='ltr'>cooperatio</span> <span class='ocrx_word' id='word_1_124' title='bbox 220 1116 285 1153; x_wconf 84' lang='lat' dir='ltr'>deest.</span> <span class='ocrx_word' id='word_1_125' title='bbox 298 1116 322 1153; x_wconf 91' lang='lat' dir='ltr'>ln</span> <span class='ocrx_word' id='word_1_126' title='bbox 336 1116 373 1153; x_wconf 88' lang='lat' dir='ltr'>tali</span> <span class='ocrx_word' id='word_1_127' title='bbox 388 1119 458 1154; x_wconf 87' lang='lat' dir='ltr'>autem</span> <span class='ocrx_word' id='word_1_128' title='bbox 472 1116 622 1160; x_wconf 84' lang='lat' dir='ltr'>suppositione</span> <span class='ocrx_word' id='word_1_129' title='bbox 636 1116 762 1153; x_wconf 87' lang='lat' dir='ltr'>immediata</span> <span class='ocrx_word' id='word_1_130' title='bbox 776 1115 907 1152; x_wconf 88' lang='lat' dir='ltr'>illuminatio</span> 
     </span>
     <span class='ocr_line' id='line_1_16' title="bbox 80 1188 908 1231; baseline -0.001 -7"><span class='ocrx_word' id='word_1_131' title='bbox 80 1198 122 1225; x_wconf 87' lang='lat' dir='ltr'>non</span> <span class='ocrx_word' id='word_1_132' title='bbox 137 1188 276 1225; x_wconf 87' lang='lat' dir='ltr'>constituitur</span> <span class='ocrx_word' id='word_1_133' title='bbox 288 1199 328 1231; x_wconf 91' lang='lat' dir='ltr'>per</span> <span class='ocrx_word' id='word_1_134' title='bbox 340 1188 473 1225; x_wconf 88' lang='lat' dir='ltr'>infusionem</span> <span class='ocrx_word' id='word_1_135' title='bbox 487 1188 615 1231; x_wconf 89' lang='lat' dir='ltr'>specierum,</span> <span class='ocrx_word' id='word_1_136' title='bbox 629 1188 669 1225; x_wconf 90' lang='lat' dir='ltr'>sed</span> <span class='ocrx_word' id='word_1_137' title='bbox 680 1199 720 1231; x_wconf 91' lang='lat' dir='ltr'>per</span> <span class='ocrx_word' id='word_1_138' title='bbox 732 1188 908 1231; x_wconf 81' lang='lat' dir='ltr'>cooperationem</span> 
     </span>
     <span class='ocr_line' id='line_1_17' title="bbox 81 1259 908 1303; baseline -0.001 -6"><span class='ocrx_word' id='word_1_139' title='bbox 81 1260 108 1297; x_wconf 88' lang='lat' dir='ltr'>ad</span> <span class='ocrx_word' id='word_1_140' title='bbox 122 1260 292 1297; x_wconf 86' lang='lat' dir='ltr'>intellectionem</span> <span class='ocrx_word' id='word_1_141' title='bbox 307 1260 385 1303; x_wconf 87' lang='lat' dir='ltr'>ipsam.</span> <span class='ocrx_word' id='word_1_142' title='bbox 399 1259 456 1297; x_wconf 93' lang='lat' dir='ltr'>Hinc</span> <span class='ocrx_word' id='word_1_143' title='bbox 471 1260 619 1297; x_wconf 83' lang='lat' dir='ltr'>immediatam</span> <span class='ocrx_word' id='word_1_144' title='bbox 633 1260 815 1297; x_wconf 85' lang='lat' dir='ltr'>illuminationem</span> <span class='ocrx_word' id='word_1_145' title='bbox 829 1260 908 1296; x_wconf 89' lang='lat' dir='ltr'>intelli-</span> 
     </span>
     <span class='ocr_line' id='line_1_18' title="bbox 80 1331 908 1385; baseline -0.001 -17"><span class='ocrx_word' id='word_1_146' title='bbox 80 1332 149 1375; x_wconf 79' lang='lat' dir='ltr'>gimus</span> <span class='ocrx_word' id='word_1_147' title='bbox 158 1332 307 1369; x_wconf 85' lang='lat' dir='ltr'>immediatam</span> <span class='ocrx_word' id='word_1_148' title='bbox 318 1331 494 1375; x_wconf 88' lang='lat' dir='ltr'>cooperationem</span> <span class='ocrx_word' id='word_1_149' title='bbox 504 1332 544 1369; x_wconf 90' lang='lat' dir='ltr'>Dei</span> <span class='ocrx_word' id='word_1_150' title='bbox 554 1333 577 1368; x_wconf 90' lang='lat' dir='ltr'>in</span> <span class='ocrx_word' id='word_1_151' title='bbox 588 1333 637 1375; x_wconf 88' lang='lat' dir='ltr'>ipsa</span> <span class='ocrx_word' id='word_1_152' title='bbox 647 1331 801 1369; x_wconf 86' lang='lat' dir='ltr'>intellectione.</span> <span class='ocrx_word' id='word_1_153' title='bbox 812 1331 836 1385; x_wconf 90' lang='lat' dir='ltr'>In</span> <span class='ocrx_word' id='word_1_154' title='bbox 849 1331 908 1369; x_wconf 88' lang='lat' dir='ltr'>omni</span> 
     </span>
     <span class='ocr_line' id='line_1_19' title="bbox 81 1403 908 1448; baseline -0.001 -7"><span class='ocrx_word' id='word_1_155' title='bbox 81 1407 151 1441; x_wconf 89' lang='lat' dir='ltr'>autem</span> <span class='ocrx_word' id='word_1_156' title='bbox 164 1403 290 1447; x_wconf 87' lang='lat' dir='ltr'>operatione</span> <span class='ocrx_word' id='word_1_157' title='bbox 303 1406 421 1448; x_wconf 86' lang='lat' dir='ltr'>creaturae,</span> <span class='ocrx_word' id='word_1_158' title='bbox 436 1404 501 1441; x_wconf 88' lang='lat' dir='ltr'>etsie</span> <span class='ocrx_word' id='word_1_159' title='bbox 516 1404 580 1441; x_wconf 89' lang='lat' dir='ltr'>etiam</span> <span class='ocrx_word' id='word_1_160' title='bbox 594 1404 618 1440; x_wconf 91' lang='lat' dir='ltr'>in</span> <span class='ocrx_word' id='word_1_161' title='bbox 633 1404 693 1442; x_wconf 89' lang='lat' dir='ltr'>omni</span> <span class='ocrx_word' id='word_1_162' title='bbox 708 1404 855 1441; x_wconf 88' lang='lat' dir='ltr'>intellectione</span> <span class='ocrx_word' id='word_1_163' title='bbox 870 1404 908 1440; x_wconf 86' lang='lat' dir='ltr'>irn-</span> 
     </span>
     <span class='ocr_line' id='line_1_20' title="bbox 81 1472 908 1528; baseline 0 -16"><span class='ocrx_word' id='word_1_164' title='bbox 81 1475 187 1513; x_wconf 87' lang='lat' dir='ltr'>mediatus</span> <span class='ocrx_word' id='word_1_165' title='bbox 200 1476 240 1512; x_wconf 92' lang='lat' dir='ltr'>Dei</span> <span class='ocrx_word' id='word_1_166' title='bbox 252 1472 371 1513; x_wconf 80' lang='lat' dir='ltr'>concursds</span> <span class='ocrx_word' id='word_1_167' title='bbox 383 1475 507 1520; x_wconf 84' lang='lat' dir='ltr'>requiritur.</span> <span class='ocrx_word' id='word_1_168' title='bbox 521 1476 552 1513; x_wconf 88' lang='lat' dir='ltr'>De</span> <span class='ocrx_word' id='word_1_169' title='bbox 564 1476 606 1513; x_wconf 91' lang='lat' dir='ltr'>hoc</span> <span class='ocrx_word' id='word_1_170' title='bbox 621 1486 728 1513; x_wconf 82' lang='lat' dir='ltr'>concursu</span> <span class='ocrx_word' id='word_1_171' title='bbox 742 1476 835 1512; x_wconf 88' lang='lat' dir='ltr'>naturali</span> <span class='ocrx_word' id='word_1_172' title='bbox 849 1486 908 1528; x_wconf 89' lang='lat' dir='ltr'>nunc</span> 
     </span>
     <span class='ocr_line' id='line_1_21' title="bbox 82 1548 908 1591; baseline 0.001 -8"><span class='ocrx_word' id='word_1_173' title='bbox 82 1557 125 1584; x_wconf 90' lang='lat' dir='ltr'>non</span> <span class='ocrx_word' id='word_1_174' title='bbox 138 1550 170 1584; x_wconf 91' lang='lat' dir='ltr'>est</span> <span class='ocrx_word' id='word_1_175' title='bbox 183 1558 260 1590; x_wconf 85' lang='lat' dir='ltr'>sermo,</span> <span class='ocrx_word' id='word_1_176' title='bbox 274 1548 312 1585; x_wconf 88' lang='lat' dir='ltr'>sed</span> <span class='ocrx_word' id='word_1_177' title='bbox 327 1549 352 1585; x_wconf 93' lang='lat' dir='ltr'>de</span> <span class='ocrx_word' id='word_1_178' title='bbox 365 1548 403 1585; x_wconf 90' lang='lat' dir='ltr'>illa</span> <span class='ocrx_word' id='word_1_179' title='bbox 416 1548 542 1591; x_wconf 87' lang='lat' dir='ltr'>operatione</span> <span class='ocrx_word' id='word_1_180' title='bbox 555 1548 595 1584; x_wconf 92' lang='lat' dir='ltr'>Dei</span> <span class='ocrx_word' id='word_1_181' title='bbox 608 1548 631 1584; x_wconf 90' lang='lat' dir='ltr'>in</span> <span class='ocrx_word' id='word_1_182' title='bbox 645 1548 793 1585; x_wconf 85' lang='lat' dir='ltr'>intellectione</span> <span class='ocrx_word' id='word_1_183' title='bbox 806 1548 908 1585; x_wconf 85' lang='lat' dir='ltr'>humana.</span> 
     </span>
     <span class='ocr_line' id='line_1_22' title="bbox 81 1619 908 1663; baseline 0.001 -7"><span class='ocrx_word' id='word_1_184' title='bbox 81 1630 123 1663; x_wconf 83' lang='lat' dir='ltr'>qua</span> <span class='ocrx_word' id='word_1_185' title='bbox 138 1619 191 1657; x_wconf 89' lang='lat' dir='ltr'>haec</span> <span class='ocrx_word' id='word_1_186' title='bbox 207 1619 229 1656; x_wconf 90' lang='lat' dir='ltr'>fit</span> <span class='ocrx_word' id='word_1_187' title='bbox 243 1620 355 1658; x_wconf 82' lang='lat' dir='ltr'>entitative</span> <span class='ocrx_word' id='word_1_188' title='bbox 371 1620 549 1663; x_wconf 89' lang='lat' dir='ltr'>supernaturalis,</span> <span class='ocrx_word' id='word_1_189' title='bbox 564 1620 671 1657; x_wconf 86' lang='lat' dir='ltr'>salutaris.</span> <span class='ocrx_word' id='word_1_190' title='bbox 686 1620 755 1663; x_wconf 87' lang='lat' dir='ltr'>Supra</span> <span class='ocrx_word' id='word_1_191' title='bbox 772 1619 854 1657; x_wconf 90' lang='lat' dir='ltr'>dictum</span> <span class='ocrx_word' id='word_1_192' title='bbox 871 1623 908 1662; x_wconf 84' lang='lat' dir='ltr'>est,</span> 
     </span>
     <span class='ocr_line' id='line_1_23' title="bbox 82 1693 944 1746; baseline 0.001 -17"><span class='ocrx_word' id='word_1_193' title='bbox 82 1694 307 1746; x_wconf 85' lang='lat' dir='ltr'>supernaturalitatem</span> <span class='ocrx_word' id='word_1_194' title='bbox 319 1697 379 1731; x_wconf 87' lang='lat' dir='ltr'>actus</span> <span class='ocrx_word' id='word_1_195' title='bbox 390 1694 490 1731; x_wconf 86' lang='lat' dir='ltr'>salutaris</span> <span class='ocrx_word' id='word_1_196' title='bbox 501 1694 524 1730; x_wconf 90' lang='lat' dir='ltr'>in</span> <span class='ocrx_word' id='word_1_197' title='bbox 535 1705 560 1731; x_wconf 91' lang='lat' dir='ltr'>eo</span> <span class='ocrx_word' id='word_1_198' title='bbox 571 1694 696 1738; x_wconf 84' lang='lat' dir='ltr'>consistere,</span> <span class='ocrx_word' id='word_1_199' title='bbox 708 1694 767 1738; x_wconf 88' lang='lat' dir='ltr'>quod</span> <span class='ocrx_word' id='word_1_200' title='bbox 779 1694 851 1738; x_wconf 91' lang='lat' dir='ltr'>ipsum</span> <span class='ocrx_word' id='word_1_201' title='bbox 863 1705 909 1731; x_wconf 87' lang='lat' dir='ltr'>esse</span> <span class='ocrx_word' id='word_1_202' title='bbox 942 1693 944 1697; x_wconf 82' lang='grc'>’</span> 
     </span>
     <span class='ocr_line' id='line_1_24' title="bbox 82 1765 909 1810; baseline 0 -8"><span class='ocrx_word' id='word_1_203' title='bbox 82 1765 128 1803; x_wconf 88' lang='lat' dir='ltr'>eius</span> <span class='ocrx_word' id='word_1_204' title='bbox 142 1765 258 1809; x_wconf 87' lang='lat' dir='ltr'>physicum</span> <span class='ocrx_word' id='word_1_205' title='bbox 274 1766 302 1803; x_wconf 88' lang='lat' dir='ltr'>ad</span> <span class='ocrx_word' id='word_1_206' title='bbox 316 1765 416 1803; x_wconf 88' lang='lat' dir='ltr'>ordinem</span> <span class='ocrx_word' id='word_1_207' title='bbox 431 1767 617 1809; x_wconf 87' lang='lat' dir='ltr'>supernaturalem</span> <span class='ocrx_word' id='word_1_208' title='bbox 631 1766 736 1810; x_wconf 64' lang='lat' dir='ltr'>pertinen</span> <span class='ocrx_word' id='word_1_209' title='bbox 753 1766 771 1803; x_wconf 90' lang='lat' dir='ltr'>si</span> <span class='ocrx_word' id='word_1_210' title='bbox 787 1776 837 1810; x_wconf 80' lang='lat' dir='ltr'>ergo</span> <span class='ocrx_word' id='word_1_211' title='bbox 852 1766 909 1803; x_wconf 89' lang='lat' dir='ltr'>Deus</span> 
     </span>
     <span class='ocr_line' id='line_1_25' title="bbox 82 1837 909 1882; baseline 0.002 -9"><span class='ocrx_word' id='word_1_212' title='bbox 82 1837 111 1874; x_wconf 90' lang='lat' dir='ltr'>ita</span> <span class='ocrx_word' id='word_1_213' title='bbox 124 1837 201 1881; x_wconf 88' lang='lat' dir='ltr'>influit,</span> <span class='ocrx_word' id='word_1_214' title='bbox 214 1841 237 1874; x_wconf 91' lang='lat' dir='ltr'>ut</span> <span class='ocrx_word' id='word_1_215' title='bbox 248 1838 331 1875; x_wconf 87' lang='lat' dir='ltr'>oriatur</span> <span class='ocrx_word' id='word_1_216' title='bbox 343 1840 402 1875; x_wconf 86' lang='lat' dir='ltr'>actus</span> <span class='ocrx_word' id='word_1_217' title='bbox 417 1838 547 1881; x_wconf 85' lang='lat' dir='ltr'>cognitionis</span> <span class='ocrx_word' id='word_1_218' title='bbox 559 1838 608 1875; x_wconf 88' lang='lat' dir='ltr'>talis</span> <span class='ocrx_word' id='word_1_219' title='bbox 621 1838 764 1882; x_wconf 83' lang='lat' dir='ltr'>perfeetionis</span> <span class='ocrx_word' id='word_1_220' title='bbox 778 1838 909 1881; x_wconf 82' lang='lat' dir='ltr'>entitativae‚</span> 
     </span>
     <span class='ocr_line' id='line_1_26' title="bbox 82 1909 910 1953; baseline 0.004 -9"><span class='ocrx_word' id='word_1_221' title='bbox 82 1909 173 1947; x_wconf 82' lang='lat' dir='ltr'>hahetur</span> <span class='ocrx_word' id='word_1_222' title='bbox 184 1910 308 1947; x_wconf 87' lang='lat' dir='ltr'>immediata</span> <span class='ocrx_word' id='word_1_223' title='bbox 322 1910 453 1947; x_wconf 85' lang='lat' dir='ltr'>illuminatio</span> <span class='ocrx_word' id='word_1_224' title='bbox 466 1910 594 1948; x_wconf 83' lang='lat' dir='ltr'>intellectus.</span> <span class='ocrx_word' id='word_1_225' title='bbox 606 1909 671 1947; x_wconf 85' lang='lat' dir='ltr'>Actus</span> <span class='ocrx_word' id='word_1_226' title='bbox 682 1910 853 1953; x_wconf 88' lang='lat' dir='ltr'>supernaturalis</span> <span class='ocrx_word' id='word_1_227' title='bbox 866 1911 910 1947; x_wconf 75' lang='lat' dir='ltr'>viu-</span> 
     </span>
     <span class='ocr_line' id='line_1_27' title="bbox 83 1981 909 2026; baseline 0.002 -9"><span class='ocrx_word' id='word_1_228' title='bbox 83 1981 135 2018; x_wconf 88' lang='lat' dir='ltr'>toris</span> <span class='ocrx_word' id='word_1_229' title='bbox 148 1992 192 2019; x_wconf 89' lang='lat' dir='ltr'>non</span> <span class='ocrx_word' id='word_1_230' title='bbox 204 1981 276 2025; x_wconf 85' lang='lat' dir='ltr'>habet,</span> <span class='ocrx_word' id='word_1_231' title='bbox 290 1985 313 2018; x_wconf 93' lang='lat' dir='ltr'>ut</span> <span class='ocrx_word' id='word_1_232' title='bbox 326 1981 349 2018; x_wconf 91' lang='lat' dir='ltr'>in</span> <span class='ocrx_word' id='word_1_233' title='bbox 363 1984 455 2019; x_wconf 85' lang='lat' dir='ltr'>tractatu</span> <span class='ocrx_word' id='word_1_234' title='bbox 470 1982 496 2019; x_wconf 89' lang='lat' dir='ltr'>de</span> <span class='ocrx_word' id='word_1_235' title='bbox 509 1981 626 2020; x_wconf 86' lang='lat' dir='ltr'>virtutibus</span> <span class='ocrx_word' id='word_1_236' title='bbox 639 1981 786 2026; x_wconf 84' lang='lat' dir='ltr'>probavimus,</span> <span class='ocrx_word' id='word_1_237' title='bbox 800 1983 909 2020; x_wconf 87' lang='lat' dir='ltr'>obiectum</span> 
     </span>
     <span class='ocr_line' id='line_1_28' title="bbox 83 2052 909 2097; baseline 0.004 -8"><span class='ocrx_word' id='word_1_238' title='bbox 83 2052 173 2090; x_wconf 87' lang='lat' dir='ltr'>formale</span> <span class='ocrx_word' id='word_1_239' title='bbox 186 2053 211 2090; x_wconf 88' lang='lat' dir='ltr'>ah</span> <span class='ocrx_word' id='word_1_240' title='bbox 225 2057 273 2090; x_wconf 88' lang='lat' dir='ltr'>actu</span> <span class='ocrx_word' id='word_1_241' title='bbox 287 2054 471 2097; x_wconf 88' lang='lat' dir='ltr'>correspondente</span> <span class='ocrx_word' id='word_1_242' title='bbox 483 2054 576 2091; x_wconf 87' lang='lat' dir='ltr'>naturali</span> <span class='ocrx_word' id='word_1_243' title='bbox 590 2054 733 2091; x_wconf 87' lang='lat' dir='ltr'>essentialiter</span> <span class='ocrx_word' id='word_1_244' title='bbox 746 2054 862 2096; x_wconf 81' lang='lat' dir='ltr'>diversum,</span> <span class='ocrx_word' id='word_1_245' title='bbox 874 2065 909 2092; x_wconf 87' lang='lat' dir='ltr'>ne-</span> 
     </span>
     <span class='ocr_line' id='line_1_29' title="bbox 82 2125 910 2168; baseline 0.002 -7"><span class='ocrx_word' id='word_1_246' title='bbox 82 2135 123 2168; x_wconf 82' lang='lat' dir='ltr'>que</span> <span class='ocrx_word' id='word_1_247' title='bbox 135 2125 157 2161; x_wconf 91' lang='lat' dir='ltr'>in</span> <span class='ocrx_word' id='word_1_248' title='bbox 169 2125 234 2162; x_wconf 90' lang='lat' dir='ltr'>modo</span> <span class='ocrx_word' id='word_1_249' title='bbox 247 2126 353 2168; x_wconf 89' lang='lat' dir='ltr'>operandi</span> <span class='ocrx_word' id='word_1_250' title='bbox 364 2125 422 2162; x_wconf 87' lang='lat' dir='ltr'>circa</span> <span class='ocrx_word' id='word_1_251' title='bbox 434 2125 542 2163; x_wconf 88' lang='lat' dir='ltr'>obiectum</span> <span class='ocrx_word' id='word_1_252' title='bbox 555 2126 665 2163; x_wconf 88' lang='lat' dir='ltr'>materiale</span> <span class='ocrx_word' id='word_1_253' title='bbox 678 2126 823 2163; x_wconf 84' lang='lat' dir='ltr'>essentialiter</span> <span class='ocrx_word' id='word_1_254' title='bbox 836 2126 910 2163; x_wconf 88' lang='lat' dir='ltr'>differt</span> 
     </span>
     <span class='ocr_line' id='line_1_30' title="bbox 84 2199 909 2244; baseline 0.002 -9"><span class='ocrx_word' id='word_1_255' title='bbox 84 2199 109 2235; x_wconf 88' lang='lat' dir='ltr'>ab</span> <span class='ocrx_word' id='word_1_256' title='bbox 124 2201 173 2236; x_wconf 86' lang='lat' dir='ltr'>actu</span> <span class='ocrx_word' id='word_1_257' title='bbox 187 2199 289 2243; x_wconf 78' lang='lat' dir='ltr'>naturali3</span> <span class='ocrx_word' id='word_1_258' title='bbox 305 2210 344 2242; x_wconf 91' lang='lat' dir='ltr'>per</span> <span class='ocrx_word' id='word_1_259' title='bbox 358 2211 380 2236; x_wconf 89' lang='lat' dir='ltr'>se</span> <span class='ocrx_word' id='word_1_260' title='bbox 395 2202 455 2237; x_wconf 90' lang='lat' dir='ltr'>actus</span> <span class='ocrx_word' id='word_1_261' title='bbox 470 2200 641 2243; x_wconf 85' lang='lat' dir='ltr'>supernaturalis</span> <span class='ocrx_word' id='word_1_262' title='bbox 656 2200 722 2243; x_wconf 81' lang='lat' dir='ltr'>exigit</span> <span class='ocrx_word' id='word_1_263' title='bbox 736 2201 909 2244; x_wconf 89' lang='lat' dir='ltr'>propositionem</span> 
     </span>
     <span class='ocr_line' id='line_1_31' title="bbox 84 2257 910 2316; baseline 0.004 -9"><span class='ocrx_word' id='word_1_264' title='bbox 84 2270 163 2308; x_wconf 86' lang='lat' dir='ltr'>obiecti</span> <span class='ocrx_word' id='word_1_265' title='bbox 179 2257 297 2308; x_wconf 81' lang='lat' dir='ltr'>materialis</span> <span class='ocrx_word' id='word_1_266' title='bbox 313 2271 380 2308; x_wconf 89' lang='lat' dir='ltr'>simili</span> <span class='ocrx_word' id='word_1_267' title='bbox 396 2271 461 2309; x_wconf 87' lang='lat' dir='ltr'>modo</span> <span class='ocrx_word' id='word_1_268' title='bbox 479 2283 521 2315; x_wconf 83' lang='lat' dir='ltr'>quo</span> <span class='ocrx_word' id='word_1_269' title='bbox 538 2275 597 2309; x_wconf 86' lang='lat' dir='ltr'>actus</span> <span class='ocrx_word' id='word_1_270' title='bbox 615 2273 727 2309; x_wconf 86' lang='lat' dir='ltr'>naturalis.</span> <span class='ocrx_word' id='word_1_271' title='bbox 745 2273 787 2309; x_wconf 88' lang='lat' dir='ltr'>«Si</span> <span class='ocrx_word' id='word_1_272' title='bbox 805 2273 832 2310; x_wconf 85' lang='lat' dir='ltr'>ad</span> <span class='ocrx_word' id='word_1_273' title='bbox 850 2283 910 2316; x_wconf 84' lang='lat' dir='ltr'>prae·</span> 
     </span>
     <span class='ocr_line' id='line_1_32' title="bbox 83 2342 910 2389; baseline 0.004 -11"><span class='ocrx_word' id='word_1_274' title='bbox 83 2342 175 2379; x_wconf 78' lang='lat' dir='ltr'>sentiam</span> <span class='ocrx_word' id='word_1_275' title='bbox 187 2343 236 2379; x_wconf 88' lang='lat' dir='ltr'>talis</span> <span class='ocrx_word' id='word_1_276' title='bbox 249 2342 329 2380; x_wconf 91' lang='lat' dir='ltr'>obiecti</span> <span class='ocrx_word' id='word_1_277' title='bbox 340 2343 462 2380; x_wconf 87' lang='lat' dir='ltr'>intellectus</span> <span class='ocrx_word' id='word_1_278' title='bbox 474 2355 523 2380; x_wconf 90' lang='lat' dir='ltr'>cum</span> <span class='ocrx_word' id='word_1_279' title='bbox 537 2354 644 2381; x_wconf 88' lang='lat' dir='ltr'>concursu</span> <span class='ocrx_word' id='word_1_280' title='bbox 656 2344 696 2381; x_wconf 91' lang='lat' dir='ltr'>Dei</span> <span class='ocrx_word' id='word_1_281' title='bbox 709 2345 805 2388; x_wconf 79' lang='lat' dir='ltr'>generali</span> <span class='ocrx_word' id='word_1_282' title='bbox 819 2345 848 2382; x_wconf 70' lang='lat' dir='ltr'>ita</span> <span class='ocrx_word' id='word_1_283' title='bbox 861 2347 910 2389; x_wconf 82' lang='lat' dir='ltr'>agit,</span> 
     </span>
     <span class='ocr_line' id='line_1_33' title="bbox 77 2414 911 2460; baseline 0.006 -13"><span class='ocrx_word' id='word_1_284' title='bbox 77 2414 114 2450; x_wconf 66' lang='lat' dir='ltr'>,uti</span> <span class='ocrx_word' id='word_1_285' title='bbox 126 2414 195 2458; x_wconf 89' lang='lat' dir='ltr'>ipsius</span> <span class='ocrx_word' id='word_1_286' title='bbox 207 2417 296 2451; x_wconf 84' lang='lat' dir='ltr'>naturae</span> <span class='ocrx_word' id='word_1_287' title='bbox 307 2415 430 2459; x_wconf 85' lang='lat' dir='ltr'>respondet,</span> <span class='ocrx_word' id='word_1_288' title='bbox 441 2426 486 2453; x_wconf 91' lang='lat' dir='ltr'>non</span> <span class='ocrx_word' id='word_1_289' title='bbox 497 2416 726 2453; x_wconf 83' lang='lat' dir='ltr'>hahetur&#39;immediata</span> <span class='ocrx_word' id='word_1_290' title='bbox 737 2417 860 2454; x_wconf 83' lang='lat' dir='ltr'>intellectus</span> <span class='ocrx_word' id='word_1_291' title='bbox 871 2427 911 2460; x_wconf 88' lang='lat' dir='ltr'>per</span> 
     </span>
     <span class='ocr_line' id='line_1_34' title="bbox 84 2485 910 2544; baseline 0.005 -22"><span class='ocrx_word' id='word_1_292' title='bbox 84 2485 151 2523; x_wconf 91' lang='lat' dir='ltr'>Deum</span> <span class='ocrx_word' id='word_1_293' title='bbox 167 2485 289 2523; x_wconf 88' lang='lat' dir='ltr'>illustratio.</span> <span class='ocrx_word' id='word_1_294' title='bbox 306 2486 343 2523; x_wconf 90' lang='lat' dir='ltr'>Sin</span> <span class='ocrx_word' id='word_1_295' title='bbox 356 2487 421 2544; x_wconf 86' lang='lat' dir='ltr'>Deus,</span> <span class='ocrx_word' id='word_1_296' title='bbox 437 2487 550 2530; x_wconf 88' lang='lat' dir='ltr'>proposito</span> <span class='ocrx_word' id='word_1_297' title='bbox 565 2488 653 2532; x_wconf 88' lang='lat' dir='ltr'>quidem</span> <span class='ocrx_word' id='word_1_298' title='bbox 669 2488 803 2526; x_wconf 82' lang='lat' dir='ltr'>extrinsecus</span> <span class='ocrx_word' id='word_1_299' title='bbox 819 2488 910 2532; x_wconf 82' lang='lat' dir='ltr'>obiecto,</span> 
     </span>
     <span class='ocr_line' id='line_1_35' title="bbox 84 2551 911 2605; baseline 0.002 -11"><span class='ocrx_word' id='word_1_300' title='bbox 84 2556 130 2600; x_wconf 87' lang='lat' dir='ltr'>ipse</span> <span class='ocrx_word' id='word_1_301' title='bbox 143 2551 165 2594; x_wconf 72' lang='lat' dir='ltr'>ri</span> <span class='ocrx_word' id='word_1_302' title='bbox 178 2569 216 2595; x_wconf 91' lang='lat' dir='ltr'>sua</span> <span class='ocrx_word' id='word_1_303' title='bbox 229 2558 320 2601; x_wconf 83' lang='lat' dir='ltr'>physice</span> <span class='ocrx_word' id='word_1_304' title='bbox 333 2559 355 2595; x_wconf 90' lang='lat' dir='ltr'>in</span> <span class='ocrx_word' id='word_1_305' title='bbox 369 2558 440 2595; x_wconf 86' lang='lat' dir='ltr'>mente</span> <span class='ocrx_word' id='word_1_306' title='bbox 452 2559 501 2602; x_wconf 79' lang='lat' dir='ltr'>agit,</span> <span class='ocrx_word' id='word_1_307' title='bbox 513 2559 612 2597; x_wconf 89' lang='lat' dir='ltr'>indebito</span> <span class='ocrx_word' id='word_1_308' title='bbox 626 2560 707 2597; x_wconf 89' lang='lat' dir='ltr'>lumine</span> <span class='ocrx_word' id='word_1_309' title='bbox 722 2571 768 2597; x_wconf 85' lang='lat' dir='ltr'>eam</span> <span class='ocrx_word' id='word_1_310' title='bbox 782 2561 874 2605; x_wconf 84' lang='lat' dir='ltr'>elevans,</span> <span class='ocrx_word' id='word_1_311' title='bbox 888 2564 911 2598; x_wconf 91' lang='lat' dir='ltr'>ut</span> 
     </span>
     <span class='ocr_line' id='line_1_36' title="bbox 84 2631 912 2677; baseline 0.006 -12"><span class='ocrx_word' id='word_1_312' title='bbox 84 2631 195 2667; x_wconf 82' lang='lat' dir='ltr'>veritatem</span> <span class='ocrx_word' id='word_1_313' title='bbox 209 2631 239 2668; x_wconf 88' lang='lat' dir='ltr'>ita</span> <span class='ocrx_word' id='word_1_314' title='bbox 251 2631 406 2674; x_wconf 85' lang='lat' dir='ltr'>apprehendat,</span> <span class='ocrx_word' id='word_1_315' title='bbox 419 2634 483 2674; x_wconf 90' lang='lat' dir='ltr'>prout</span> <span class='ocrx_word' id='word_1_316' title='bbox 497 2632 524 2668; x_wconf 84' lang='lat' dir='ltr'>ad</span> <span class='ocrx_word' id='word_1_317' title='bbox 537 2632 627 2668; x_wconf 88' lang='lat' dir='ltr'>salntem</span> <span class='ocrx_word' id='word_1_318' title='bbox 640 2632 734 2675; x_wconf 82' lang='lat' dir='ltr'>expedit,</span> <span class='ocrx_word' id='word_1_319' title='bbox 747 2634 761 2671; x_wconf 89' lang='lat' dir='ltr'>i.</span> <span class='ocrx_word' id='word_1_320' title='bbox 775 2644 792 2670; x_wconf 95' lang='lat' dir='ltr'>e.</span> <span class='ocrx_word' id='word_1_321' title='bbox 806 2635 861 2676; x_wconf 89' lang='lat' dir='ltr'>actu,</span> <span class='ocrx_word' id='word_1_322' title='bbox 875 2632 912 2677; x_wconf 85' lang='lat' dir='ltr'>qui</span> 
     </span>
     <span class='ocr_line' id='line_1_37' title="bbox 84 2702 911 2749; baseline 0.005 -11"><span class='ocrx_word' id='word_1_323' title='bbox 84 2702 203 2739; x_wconf 87' lang='lat' dir='ltr'>secundum</span> <span class='ocrx_word' id='word_1_324' title='bbox 217 2703 326 2739; x_wconf 88' lang='lat' dir='ltr'>internam</span> <span class='ocrx_word' id='word_1_325' title='bbox 341 2703 452 2739; x_wconf 86' lang='lat' dir='ltr'>entitatem</span> <span class='ocrx_word' id='word_1_326' title='bbox 466 2702 505 2739; x_wconf 87' lang='lat' dir='ltr'>fini</span> <span class='ocrx_word' id='word_1_327' title='bbox 520 2703 596 2740; x_wconf 89' lang='lat' dir='ltr'>ultimo</span> <span class='ocrx_word' id='word_1_328' title='bbox 613 2705 772 2747; x_wconf 85' lang='lat' dir='ltr'>supernaturali</span> <span class='ocrx_word' id='word_1_329' title='bbox 788 2705 911 2749; x_wconf 87' lang='lat' dir='ltr'>proportio-</span> 
     </span>
    </p>
   </div>
   <div class='ocr_carea' id='block_1_4' title="bbox 0 0 987 3093">
    <p class='ocr_par' dir='ltr' id='par_1_4' title="bbox 0 0 987 3093">
     <span class='ocr_line' id='line_1_38' title="bbox 0 0 987 3093; baseline 0 0"><span class='ocrx_word' id='word_1_330' title='bbox 0 0 987 3093; x_wconf 95' lang='lat' dir='ltr'> </span> 
     </span>
    </p>
   </div>
  </div>
 </body>
</html>
