1952 3093
382 84 502 128 2265„

32 216 52 252 in
64 211 105 249 ista
115 211 183 246 aetate
193 208 285 246 venisse.
298 208 339 245 Sed
350 207 441 244 interest
451 210 555 251 quantum
566 210 586 243 et
597 206 620 242 in
632 205 710 250 quibus
723 205 787 243 rebus
800 216 855 242 erre-

33 293 73 329 tur3
90 285 111 320 et
125 291 190 326 quam
205 280 270 317 facile
286 279 377 324 quisque
394 280 494 322 corrigat,
511 279 544 315 rel
561 282 641 322 quanta
656 278 778 322 pertinacia
793 287 854 315 suum

34 354 148 396 defendere
158 354 249 391 conetur
260 362 362 390 errorem.
373 352 445 389 Bonae
457 351 538 396 quippe
550 351 597 394 spei
609 354 641 388 est
651 351 723 394 homo,
736 350 754 387 si
765 360 813 387 eum
824 349 856 386 sic

34 426 180 475 proficientem
199 424 245 462 dies
262 424 351 461 ultimus
367 424 431 461 huius
448 423 504 462 vitae
523 423 637 467 invenerit,
654 427 677 461 ut
695 422 818 460 adiciantur
836 422 855 458 ei

34 509 85 546 quae
99 496 222 541 proficienti
238 497 359 537 defuerunt,
374 499 394 532 et
408 495 552 538 perficiendus
567 506 631 537 quarn
646 494 770 537 puniendus
784 494 856 536 potius

34 571 140 611 iudicetur
148 581 159 604 a
166 572 200 605 11².

386 791 496 828 Tnnouoer

86 934 187 978 Quamvis
202 935 300 972 diversae
314 934 358 971 sint
373 935 521 978 theologorum
535 935 654 971 sententiae
670 934 696 971 de
710 933 857 977 praedestina-

35 1007 97 1051 tione,
112 1005 138 1044 de
151 1006 220 1049 gratia
234 1005 316 1044 efficaci
330 1007 419 1051 eiusque
432 1008 515 1050 natura,
528 1009 600 1043 tamen
614 1006 637 1042 in
653 1017 677 1044 eo
692 1015 766 1042 omnes
781 1015 858 1042 conve-

34 1078 101 1121 niunt,
112 1077 295 1120 perseverantiam
306 1077 391 1115 finalem
403 1089 449 1115 esse
459 1087 559 1121 magnum
570 1077 610 1114 Dei
622 1077 709 1123 donum.
720 1077 739 1114 S.
748 1077 855 1113 Thonis:

35 1149 215 1188 ‹Perseverantia
228 1149 345 1193 tripliciter
358 1150 448 1187 dicitur:
463 1150 596 1194 Quandoque
609 1149 667 1188 enim
680 1148 787 1198 significat
798 1148 858 1186 hahi-

36 1227 79 1260 tum
95 1222 180 1265 mentis,
197 1232 237 1266 per
253 1233 316 1266 quem
333 1222 398 1259 homo
413 1222 504 1260 firmiter
521 1225 568 1265 stat,
586 1232 612 1260 ue
630 1224 766 1259 removeatur
783 1222 809 1258 ab
827 1232 858 1260 en.

36 1294 92 1340 quod
105 1297 136 1332 est
149 1293 268 1332 secundum
283 1295 390 1340 virtutem,
405 1306 445 1338 per
457 1294 557 1333 tristitias
571 1294 689 1339 irruentes;
704 1298 727 1331 ut
741 1294 773 1331 sic
787 1305 809 1331 se
823 1294 859 1330 ha-

35 1367 82 1404 heat
92 1367 254 1409 perseverantia
263 1366 290 1404 ad
301 1366 408 1410 tristitias,
418 1367 474 1404 sicut
485 1366 620 1404 continentia
631 1367 659 1403 ad
670 1366 859 1410 concupiscentias

37 1441 56 1475 et
71 1438 231 1480 delectationes,
247 1442 269 1476 ut
283 1438 428 1483 Philosophus
446 1439 500 1476 dicit
515 1440 538 1475 in
555 1439 566 1476 7
582 1438 630 1475 Ethi
646 1438 694 1476 Aio
709 1439 773 1476 modo
790 1441 860 1481 potest

37 1509 79 1548 dici
89 1510 251 1553 perseverantia
260 1510 347 1547 habitus
356 1510 451 1555 quidam,
462 1511 580 1548 secundum
591 1522 654 1555 quem
662 1510 728 1548 homo
736 1510 802 1548 hahet
811 1520 860 1554 pro-

37 1581 130 1625 positum
144 1582 299 1625 perseverandi
313 1584 336 1619 in
350 1583 407 1620 houo
421 1583 525 1627 usquein
539 1583 614 1619 tinem:
632 1586 652 1620 et
664 1586 755 1627 utroque
770 1582 860 1620 istorum

38 1653 150 1692 modorum
163 1647 325 1698 perseverantia
339 1654 403 1692 simul
417 1665 466 1691 cum
480 1654 549 1699 gratia
561 1655 692 1699 infunditur,
707 1655 763 1692 sicut
777 1658 797 1692 et
811 1664 861 1692 con-

37 1726 126 1765 tinentia
140 1730 161 1764 et
175 1730 272 1765 caeterae
287 1728 384 1766 virtutes.
398 1728 446 1765 Alio
460 1728 525 1765 modo
542 1727 622 1764 dicitur
635 1727 797 1771 perseverantia
813 1737 862 1765 con-

38 1798 128 1836 tinuatio
136 1799 242 1844 quaedam
251 1798 304 1837 honi
314 1811 381 1844 usque
391 1800 418 1837 ad
427 1799 492 1837 finem
501 1801 568 1844 vitae3
580 1803 600 1837 et
610 1799 638 1837 ad
648 1800 712 1837 talem
722 1810 861 1843 perseveran-

39 1870 89 1907 tiam
100 1871 223 1908 habendam
234 1872 299 1909 homo
311 1873 334 1908 in
348 1872 416 1914 gratia
430 1872 559 1909 constitutus
572 1882 615 1909 non
628 1872 716 1916 quidem
729 1871 812 1916 indiget
825 1872 861 1909 ali-

39 1953 79 1985 qua
96 1943 138 1980 alia
156 1943 261 1980 habituali
280 1944 355 1986 grana,
374 1944 411 1981 sed
430 1944 504 1981 divino
524 1944 604 1980 auxilio
624 1944 696 1987 ipsum
717 1943 822 1987 dirigente
842 1948 862 1980 et

39 2017 161 2058 protegente
174 2018 250 2053 contra
262 2017 405 2053 tentationum
416 2017 528 2059 impulsus,
540 2016 597 2054 sicut
609 2026 635 2053 ex
646 2014 787 2059 praecedenti
799 2026 862 2060 quae·

39 2086 107 2124 stione
117 2090 213 2131 apparet.
222 2086 248 2125 Et
258 2087 314 2131 ideo,
324 2092 438 2132 postquam
450 2088 527 2132 aliquis
538 2091 570 2124 est
578 2087 705 2125 iustificatus
716 2099 755 2131 per
764 2088 862 2131 gratiam,

39 2167 125 2196 necesse
140 2159 205 2196 hahet
221 2171 232 2195 a
247 2160 292 2196 Deo
306 2163 379 2203 petere
393 2160 528 2202 praedictum
546 2160 719 2203 perseverantiae
737 2160 824 2203 donum,
839 2163 862 2197 ut

39 2229 121 2268 scilicet
133 2231 268 2268 custodiatur
279 2242 291 2268 a
303 2232 359 2268 malo
372 2242 438 2275 usquc
451 2231 554 2268 adfinem
567 2232 630 2269 ritae.
643 2232 714 2268 Multis
728 2233 786 2268 enim
800 2232 863 2269 datur

40 2302 113 2348 gratia,
126 2303 204 2347 quibus
219 2313 262 2341 non
277 2303 340 2340 datur
353 2314 491 2345 perseverare
505 2304 527 2339 in
542 2304 628 2347 gratia»
638 2307 671 2338 11³.

92 2374 113 2412 Si
128 2375 245 2420 quaeritur,
262 2375 284 2412 in
301 2386 343 2420 quo
360 2375 449 2419 proprie
465 2376 545 2413 donum
561 2376 736 2418 perseverantiae
753 2377 863 2420 consistat,

41 2449 97 2486 natet
109 2447 152 2484 iam
166 2458 191 2485 ex
205 2447 276 2491 dictis,
289 2458 332 2485 non
346 2447 465 2484 consistere
477 2448 500 2484 in
515 2447 584 2491 donis,
597 2459 651 2492 quae
665 2448 688 2484 in
702 2449 750 2492 ipsa
762 2448 863 2486 iustifica-

41 2515 98 2555 tione
110 2519 258 2563 conteruntur‚
271 2529 321 2563 ergo
334 2530 403 2563 neque
416 2520 438 2555 in
452 2519 520 2562 gratia
533 2530 587 2563 qnae
600 2521 763 2558 sacramentalis
778 2521 863 2561 dicitur.

41 2616 182 2626 ’Ἢ-

88 2691 114 2715 nu
127 2687 161 2720 ML
173 2688 202 2726 45,
215 2687 261 2720 1027
272 2697 287 2720 s.

88 2751 114 2773 11³
128 2748 145 2780 s,
156 2748 190 2780 Th.
203 2749 218 2786 1,
229 2749 239 2780 2
252 2748 316 2786 ‹1-109
329 2759 346 2781 a.
358 2748 384 2781 ltl.
