1952 3093
424 113 452 119 -
463 59 505 129 '385
519 113 547 119 —

435 319 517 356 Pnrnns

120 463 139 499 S.
154 462 259 499 Cuntinus
275 462 395 499 doninus:
414 475 424 497 «
434 455 564 505 Sanguinem
578 463 658 500 Christi
673 463 763 500 intentis
778 463 847 500 oculis
862 463 893 499 in-

66 537 169 577 tueamur,
184 538 204 571 et
217 543 372 576 cognoscamus
385 527 449 577 quam
463 535 571 577 pretiosus
586 536 613 571 sit
627 535 671 571 Deo
684 537 704 571 et
717 535 776 571 Patri
791 535 843 578 eius,
856 535 893 578 qui

66 609 156 651 propter
171 609 267 644 nostram
282 607 373 645 salutem
389 606 471 645 effusus
488 608 527 644 toti
543 607 623 644 mundo
639 607 785 651 poenitentiae
802 607 893 650 gratiam

66 680 150 718 obtulit.
167 681 320 718 Perveniamus
338 680 365 717 ad
382 691 457 718 omnes
473 676 549 718 mundi
568 684 653 724 aetates,
671 684 691 718 et
710 681 818 718 discamus
835 681 893 725 quod

66 755 89 788 in
106 755 165 789 omni
182 753 320 796 generatione
336 752 457 789 volentibus
475 753 502 789 ad
519 754 590 795 ipsum
608 737 705 789 converti
721 754 827 790 Dominus
844 754 894 796 poe-

66 824 170 862 nitentiae
186 825 258 861 iocum
275 824 408 861 concesserit
416 836 426 859 »
434 829 458 861 ⁵4.

120 897 139 935 S.
162 898 256 936 lomnes
273 896 470 940 ,Cnnrsosronusz
492 910 502 933 «
512 898 533 936 Si
552 897 660 935 illuminat
677 908 763 935 omnem
781 897 892 935 hominem

66 971 188 1008 venientem
207 971 230 1008 in
249 971 308 1008 hunc
328 971 463 1015 mundum-³,
481 982 574 1014 quonam
594 975 657 1014 pacto
677 975 708 1008 tot
726 972 826 1008 homines
846 972 893 1008 sine

66 1043 148 1080 iumine
166 1043 267 1079 manent?
284 1043 358 1086 Neque
378 1043 436 1080 enim
455 1032 530 1080 omnes
551 1042 659 1080 Christum
679 1046 819 1096 cognoscunt.
839 1043 894 1087 Quo-

66 1115 131 1152 modo
146 1124 196 1158 ergo
213 1114 321 1151 illuminat
336 1125 422 1151 omnem
438 1114 562 1152 hominem?
579 1114 689 1151 illuminat
705 1115 810 1158 proiecto,
827 1125 893 1159 quan-

67 1193 112 1226 tum
125 1189 148 1225 in
160 1189 209 1232 ipso
223 1192 260 1226 est.
275 1187 296 1225 Si
310 1188 347 1233 qui
361 1191 432 1226 autem
445 1192 521 1233 sponte
536 1199 573 1225 sua
588 1189 665 1225 mentis
680 1189 754 1225 oculos
769 1187 893 1226 claudentes

68 1261 96 1299 ad
113 1261 177 1299 huius
196 1262 251 1298 lucis
270 1261 343 1298 radios
363 1262 431 1298 aciem
450 1262 543 1305 dirigere
562 1252 679 1302 noluerint(
697 1271 740 1298 non
760 1273 786 1298 ex
804 1253 893 1298 luminis

67 1337 143 1370 natura
159 1334 181 1369 in
197 1333 292 1370 tenebris
308 1333 455 1376 perstiterunt,
471 1334 509 1370 sed
525 1334 608 1369 malitia
625 1344 669 1373 sua,
686 1334 723 1376 qui
741 1326 817 1375 sponte
833 1336 892 1370 tanto

68 1406 90 1443 s'e
108 1404 164 1443 dono
182 1404 284 1449 indignos
301 1404 451 1442 reddiderunt.
468 1405 522 1441 Nam
538 1405 607 1448 gratia
623 1405 646 1442 in
664 1415 738 1442 omnes
757 1404 838 1441 diffusa
856 1394 893 1447 est,

67 1489 109 1535 non
126 1464 233 1522 iudaeum,
248 1489 291 1516 non
306 1489 413 1522 graecum,
430 1489 472 1516 non
489 1479 672 1523 harbarum‚'non
689 1479 794 1522 scytham,
811 1489 854 1515 non
867 1479 894 1514 ti-

67 1552 149 1595 berum,
167 1562 210 1589 non
229 1562 320 1594 servum,
337 1562 380 1588 non
398 1532 475 1595 virum,
491 1562 535 1588 non
553 1552 672 1594 mulierem,
690 1562 733 1589 non
752 1562 832 1594 senem,
849 1562 893 1589 non

67 1624 166 1660 iuvenem
184 1623 261 1666 effugit
277 1627 312 1660 aut
330 1623 468 1667 dedignatum
486 1623 586 1660 omnibus
605 1624 679 1660 eadem
697 1627 734 1667 est,
753 1623 854 1660 omnihus
871 1635 894 1659 se

69 1695 155 1748 facilem
169 1695 263 1740 exhibet,
279 1706 353 1733 omnes
369 1695 417 1740 pari
433 1696 516 1734 honore
533 1695 630 1734 advocat.
646 1695 686 1740 Qui
700 1698 772 1733 autem
788 1695 834 1733 eius
850 1706 894 1732 mu-

68 1779 119 1807 nere
134 1769 177 1807 frui
191 1771 310 1813 neglegunt,
324 1770 380 1806 hanc
394 1780 454 1806 suam
468 1760 594 1806 caecitatem
608 1768 650 1806 sibi
665 1770 720 1812 ipsis
735 1769 842 1812 imputent
849 1770 860 1805 i>
869 1773 893 1805 ⁵⁶.

122 1836 141 1879 S.
159 1828 299 1878 Anonosrus:
320 1841 404 1878 «Plena
423 1846 454 1878 est
472 1852 522 1885 ergo
540 1845 597 1878 terra
614 1841 778 1878 misericordiae
795 1841 893 1884 Domini;

68 1913 118 1957 quia
131 1913 232 1950 omnihus
245 1917 277 1950 est
290 1914 338 1950 data
351 1914 450 1950 remissio
464 1916 610 1955 peccatorum.
625 1912 693 1956 Super
706 1923 781 1950 omnes
795 1913 827 1949 sol
840 1913 894 1949 oriri
952 1918 954 1921 ’

68 1986 160 2024 iubetur.
177 1986 203 2024 Et
220 1986 256 2024 hic
273 1986 361 2030 quidem
378 1987 409 2024 sol
427 1986 507 2024 cotidie
524 1997 589 2030 super
606 1996 680 2023 omnes
698 1977 773 2024 oritur.
791 1985 894 2029 Mysticus

69 2059 139 2097 autem
152 2061 183 2097 sol
198 2060 234 2097 ilie
248 2059 342 2096 iustitiae
357 2059 458 2097 omnibus
472 2063 532 2096 ortus
547 2063 584 2103 est,
598 2059 698 2096 omnihus
713 2059 778 2102 venit,
793 2058 894 2096 omnihus

68 2141 145 2173 passus
158 2135 190 2169 est
203 2135 223 2169 et
234 2131 335 2168 omnihus
347 2132 475 2174 resurrexit;
489 2132 538 2168 ideo
552 2135 622 2168 autem
635 2142 711 2174 passus
725 2134 762 2174 est,
775 2135 799 2168 ut
810 2131 895 2168 tolleret

55 2206 182 2246 «peccatum
197 2203 280 2240 mundi.
295 2203 316 2241 Si
332 2204 380 2247 quis
395 2206 467 2240 autem
483 2210 526 2239 non
544 2203 613 2240 credit
629 2203 651 2238 in
666 2202 782 2245 Christum,
799 2196 894 2245 generali

68 2276 178 2314 beneficio
194 2277 241 2320 ipse
259 2288 281 2313 se
297 2276 384 2314 fraudat
392 2276 435 2314 »'⁵⁷.
571 2262 574 2268 ¹

124 2349 143 2385 S.
156 2349 308 2385 Aucusrntus:
326 2348 370 2385 «Et
383 2348 426 2385 non
440 2353 471 2386 est
484 2350 521 2392 qui
536 2361 557 2385 se
573 2349 692 2386 abscondat
705 2360 716 2385 a
730 2349 802 2385 calore
813 2348 894 2385 'eius'⁵⁸.

119 2521 136 2541 ⁵⁴
149 2517 204 2557 Epist
222 2518 245 2549 ad
261 2516 374 2549 Corinthios
392 2517 407 2549 7.
425 2518 435 2548 t
452 2527 475 2553 s.;
494 2517 509 2549 R
526 2517 554 2549 12.

118 2578 232 2617 &Mhi
447 2569 449 2573 ¹

119 2643 136 2663 ⁵⁶·
150 2639 171 2679 In
185 2639 279 2671 ioannem
291 2639 387 2677 homins,
401 2641 419 2675 1;
433 2621 467 2672 nti
478 2639 506 2678 59,
519 2640 550 2676 65;
563 2639 587 2671 cf.
600 2639 616 2671 n
628 2639 679 2671 1153.

120 2703 136 2723 ⁵²
151 2699 221 2738 Expos.
234 2700 254 2730 in
268 2699 339 2731 Psalm.
354 2698 393 2736 118,
407 2708 464 2730 serm.
478 2698 494 2733 8,
507 2698 537 2736 57;
552 2698 585 2730 ML
599 2699 627 2732 15*
641 2698 696 2735 131&
710 2699 725 2730 R
740 2698 791 2730 1313.

119 2758 246 2798 fflffiffih

118 2892 212 2924 tonnam.
224 2909 248 2914 —
261 2892 288 2923 De
301 2891 368 2924 Gratia
382 2891 524 2929 Redemptoris.
