<?xml version="1.0" encoding="UTF-8"?>
<!DOCTYPE html PUBLIC "-//W3C//DTD XHTML 1.0 Transitional//EN"
    "http://www.w3.org/TR/xhtml1/DTD/xhtml1-transitional.dtd">
<html xmlns="http://www.w3.org/1999/xhtml" xml:lang="en" lang="en">
 <head>
  <title>
</title>
<meta http-equiv="Content-Type" content="text/html;charset=utf-8" />
  <meta name='ocr-system' content='tesseract 3.04.00' />
  <meta name='ocr-capabilities' content='ocr_page ocr_carea ocr_par ocr_line ocrx_word'/>
</head>
<body>
  <div class='ocr_page' id='page_1' title='image "./MN41638ucmf_6_0251.png"; bbox 0 0 1952 3093; ppageno 0'>
   <div class='ocr_carea' id='block_1_1' title="bbox 402 70 524 107">
    <p class='ocr_par' dir='ltr' id='par_1_1' title="bbox 402 70 524 107">
     <span class='ocr_line' id='line_1_1' title="bbox 402 70 524 107; baseline 0 -1"><span class='ocrx_word' id='word_1_1' title='bbox 402 70 524 107; x_wconf 75' lang='lat'>-231-</span> 
     </span>
    </p>
   </div>
   <div class='ocr_carea' id='block_1_2' title="bbox 56 177 885 833">
    <p class='ocr_par' dir='ltr' id='par_1_2' title="bbox 56 177 881 420">
     <span class='ocr_line' id='line_1_2' title="bbox 100 177 878 231; baseline -0.003 -7"><span class='ocrx_word' id='word_1_2' title='bbox 100 193 159 231; x_wconf 84' lang='lat' dir='ltr'><strong>Atqui</strong></span> <span class='ocrx_word' id='word_1_3' title='bbox 174 177 245 224; x_wconf 73' lang='lat' dir='ltr'><strong>inhoc</strong></span> <span class='ocrx_word' id='word_1_4' title='bbox 259 201 353 230; x_wconf 85' lang='lat' dir='ltr'><strong>responso</strong></span> <span class='ocrx_word' id='word_1_5' title='bbox 367 192 485 229; x_wconf 75' lang='lat' dir='ltr'>continetur,</span> <span class='ocrx_word' id='word_1_6' title='bbox 501 191 599 224; x_wconf 82' lang='lat' dir='ltr'><strong>auxilium</strong></span> <span class='ocrx_word' id='word_1_7' title='bbox 615 191 771 230; x_wconf 66' lang='lat' dir='ltr'><strong>supernaturale,</strong></span> <span class='ocrx_word' id='word_1_8' title='bbox 787 190 839 229; x_wconf 84' lang='lat' dir='ltr'><strong>quod</strong></span> <span class='ocrx_word' id='word_1_9' title='bbox 855 190 878 222; x_wconf 83' lang='lat' dir='ltr'><strong>dc</strong></span> 
     </span>
     <span class='ocr_line' id='line_1_3' title="bbox 57 251 878 299; baseline -0.007 -12"><span class='ocrx_word' id='word_1_10' title='bbox 57 258 105 290; x_wconf 71' lang='lat' dir='ltr'><strong>facto</strong></span> <span class='ocrx_word' id='word_1_11' title='bbox 122 253 241 290; x_wconf 70' lang='lat' dir='ltr'>conceditur,</span> <span class='ocrx_word' id='word_1_12' title='bbox 258 262 281 284; x_wconf 89' lang='lat' dir='ltr'><strong>ea</strong></span> <span class='ocrx_word' id='word_1_13' title='bbox 299 262 377 291; x_wconf 85' lang='lat' dir='ltr'><strong>quoquc</strong></span> <span class='ocrx_word' id='word_1_14' title='bbox 394 254 500 290; x_wconf 84' lang='lat' dir='ltr'><strong>praestare,</strong></span> <span class='ocrx_word' id='word_1_15' title='bbox 518 261 569 290; x_wconf 83' lang='lat' dir='ltr'><strong>quae</strong></span> <span class='ocrx_word' id='word_1_16' title='bbox 586 252 607 283; x_wconf 88' lang='lat' dir='ltr'><strong>in</strong></span> <span class='ocrx_word' id='word_1_17' title='bbox 626 251 665 284; x_wconf 84' lang='lat' dir='ltr'><strong>alio</strong></span> <span class='ocrx_word' id='word_1_18' title='bbox 683 251 752 299; x_wconf 86' lang='lat' dir='ltr'><strong>ordine</strong></span> <span class='ocrx_word' id='word_1_19' title='bbox 768 252 878 290; x_wconf 68' lang='lat' dir='ltr'><strong>praestaret</strong></span> 
     </span>
     <span class='ocr_line' id='line_1_4' title="bbox 57 312 881 357; baseline -0.007 -9"><span class='ocrx_word' id='word_1_20' title='bbox 57 315 152 352; x_wconf 74' lang='lat' dir='ltr'><strong>auxilium</strong></span> <span class='ocrx_word' id='word_1_21' title='bbox 163 314 264 351; x_wconf 57' lang='lat' dir='ltr'><strong>naturate</strong></span> <span class='ocrx_word' id='word_1_22' title='bbox 280 320 324 351; x_wconf 82' lang='lat' dir='ltr'><strong>ergo</strong></span> <span class='ocrx_word' id='word_1_23' title='bbox 336 312 373 345; x_wconf 89' lang='lat' dir='ltr'><strong>hoc</strong></span> <span class='ocrx_word' id='word_1_24' title='bbox 387 312 485 345; x_wconf 85' lang='lat' dir='ltr'><strong>auxilium</strong></span> <span class='ocrx_word' id='word_1_25' title='bbox 499 314 580 345; x_wconf 86' lang='lat' dir='ltr'><strong>eatenus</strong></span> <span class='ocrx_word' id='word_1_26' title='bbox 595 312 683 345; x_wconf 86' lang='lat' dir='ltr'><strong>debitum</strong></span> <span class='ocrx_word' id='word_1_27' title='bbox 698 312 736 355; x_wconf 90' lang='lat' dir='ltr'><strong>dici</strong></span> <span class='ocrx_word' id='word_1_28' title='bbox 748 314 819 357; x_wconf 82' lang='lat' dir='ltr'><strong>potest,</strong></span> <span class='ocrx_word' id='word_1_29' title='bbox 833 321 881 349; x_wconf 82' lang='lat' dir='ltr'><strong>qua-</strong></span> 
     </span>
     <span class='ocr_line' id='line_1_5' title="bbox 56 373 703 420; baseline -0.008 -10"><span class='ocrx_word' id='word_1_30' title='bbox 56 383 110 411; x_wconf 79' lang='lat' dir='ltr'><strong>tenus</strong></span> <span class='ocrx_word' id='word_1_31' title='bbox 125 374 212 412; x_wconf 83' lang='lat' dir='ltr'><strong>praecise</strong></span> <span class='ocrx_word' id='word_1_32' title='bbox 227 374 292 406; x_wconf 89' lang='lat' dir='ltr'><strong>locum</strong></span> <span class='ocrx_word' id='word_1_33' title='bbox 306 373 365 406; x_wconf 91' lang='lat' dir='ltr'><strong>istius</strong></span> <span class='ocrx_word' id='word_1_34' title='bbox 379 373 450 405; x_wconf 83' lang='lat' dir='ltr'>auxilii</span> <span class='ocrx_word' id='word_1_35' title='bbox 465 382 517 405; x_wconf 84' lang='lat' dir='ltr'><strong>mere</strong></span> <span class='ocrx_word' id='word_1_36' title='bbox 531 373 631 406; x_wconf 84' lang='lat' dir='ltr'><strong>naturalis</strong></span> <span class='ocrx_word' id='word_1_37' title='bbox 644 375 703 420; x_wconf 85' lang='lat' dir='ltr'><strong>tenet.</strong></span> 
     </span>
    </p>

    <p class='ocr_par' dir='ltr' id='par_1_3' title="bbox 57 432 885 593">
     <span class='ocr_line' id='line_1_6' title="bbox 101 432 878 473; baseline -0.003 -6"><span class='ocrx_word' id='word_1_38' title='bbox 101 435 168 473; x_wconf 78' lang='lat' dir='ltr'><strong>Resp.:</strong></span> <span class='ocrx_word' id='word_1_39' title='bbox 184 434 302 466; x_wconf 81' lang='lat' dir='ltr'>Conceditur</span> <span class='ocrx_word' id='word_1_40' title='bbox 316 436 387 472; x_wconf 82' lang='lat' dir='ltr'><strong>totum,</strong></span> <span class='ocrx_word' id='word_1_41' title='bbox 401 433 510 466; x_wconf 88' lang='lat' dir='ltr'><strong>secundum</strong></span> <span class='ocrx_word' id='word_1_42' title='bbox 523 432 634 466; x_wconf 83' lang='lat' dir='ltr'>doctrinam</span> <span class='ocrx_word' id='word_1_43' title='bbox 648 437 742 473; x_wconf 68' lang='lat' dir='ltr'><strong>supra2ss1</strong></span> <span class='ocrx_word' id='word_1_44' title='bbox 757 434 878 472; x_wconf 65' lang='lat' dir='ltr'><strong>expositam</strong></span> 
     </span>
     <span class='ocr_line' id='line_1_7' title="bbox 57 493 885 533; baseline -0.001 -6"><span class='ocrx_word' id='word_1_45' title='bbox 57 498 99 531; x_wconf 78' lang='lat' dir='ltr'><strong>inde</strong></span> <span class='ocrx_word' id='word_1_46' title='bbox 111 498 177 527; x_wconf 85' lang='lat' dir='ltr'><strong>tamen</strong></span> <span class='ocrx_word' id='word_1_47' title='bbox 191 504 230 526; x_wconf 89' lang='lat' dir='ltr'><strong>non</strong></span> <span class='ocrx_word' id='word_1_48' title='bbox 242 494 337 533; x_wconf 81' lang='lat' dir='ltr'><strong>sequitur,</strong></span> <span class='ocrx_word' id='word_1_49' title='bbox 350 496 372 526; x_wconf 92' lang='lat' dir='ltr'><strong>ut</strong></span> <span class='ocrx_word' id='word_1_50' title='bbox 386 494 484 526; x_wconf 85' lang='lat' dir='ltr'><strong>auxilium</strong></span> <span class='ocrx_word' id='word_1_51' title='bbox 495 494 651 532; x_wconf 79' lang='lat' dir='ltr'><strong>supernaturale,</strong></span> <span class='ocrx_word' id='word_1_52' title='bbox 664 494 716 533; x_wconf 78' lang='lat' dir='ltr'><strong>quod</strong></span> <span class='ocrx_word' id='word_1_53' title='bbox 730 493 794 533; x_wconf 87' lang='lat' dir='ltr'><strong>datur,</strong></span> <span class='ocrx_word' id='word_1_54' title='bbox 807 494 834 526; x_wconf 89' lang='lat' dir='ltr'><strong>sit</strong></span> <span class='ocrx_word' id='word_1_55' title='bbox 847 493 885 526; x_wconf 73' lang='lat' dir='ltr'><strong>de-&#39;&#39;</strong></span> 
     </span>
     <span class='ocr_line' id='line_1_8' title="bbox 57 554 327 593; baseline -0.015 -3"><span class='ocrx_word' id='word_1_56' title='bbox 57 559 124 593; x_wconf 75' lang='lat' dir='ltr'><strong>bitum,</strong></span> <span class='ocrx_word' id='word_1_57' title='bbox 137 557 156 586; x_wconf 92' lang='lat' dir='ltr'><strong>et</strong></span> <span class='ocrx_word' id='word_1_58' title='bbox 167 564 206 586; x_wconf 90' lang='lat' dir='ltr'><strong>non</strong></span> <span class='ocrx_word' id='word_1_59' title='bbox 219 555 245 587; x_wconf 86' lang='lat' dir='ltr'><strong>sit</strong></span> <span class='ocrx_word' id='word_1_60' title='bbox 258 554 327 592; x_wconf 77' lang='lat' dir='ltr'><strong>gratia.</strong></span> 
     </span>
    </p>

    <p class='ocr_par' dir='ltr' id='par_1_4' title="bbox 57 614 880 833">
     <span class='ocr_line' id='line_1_9' title="bbox 103 614 879 661; baseline 0.001 -15"><span class='ocrx_word' id='word_1_61' title='bbox 103 615 157 647; x_wconf 75' lang='lat' dir='ltr'><strong>Aliae</strong></span> <span class='ocrx_word' id='word_1_62' title='bbox 173 615 298 661; x_wconf 85' lang='lat' dir='ltr'><strong>difficultates</strong></span> <span class='ocrx_word' id='word_1_63' title='bbox 312 615 371 646; x_wconf 82' lang='lat' dir='ltr'><strong>facile</strong></span> <span class='ocrx_word' id='word_1_64' title='bbox 385 614 495 652; x_wconf 81' lang='lat' dir='ltr'><strong>solvuntur,</strong></span> <span class='ocrx_word' id='word_1_65' title='bbox 511 614 527 647; x_wconf 93' lang='lat' dir='ltr'><strong>si</strong></span> <span class='ocrx_word' id='word_1_66' title='bbox 544 615 654 646; x_wconf 84' lang='lat' dir='ltr'><strong>attenditur</strong></span> <span class='ocrx_word' id='word_1_67' title='bbox 668 615 765 647; x_wconf 82' lang='lat' dir='ltr'><strong>auxilium</strong></span> <span class='ocrx_word' id='word_1_68' title='bbox 782 615 879 647; x_wconf 87' lang='lat' dir='ltr'><strong>sufficiens</strong></span> 
     </span>
     <span class='ocr_line' id='line_1_10' title="bbox 57 674 880 722; baseline -0.004 -13"><span class='ocrx_word' id='word_1_69' title='bbox 57 676 147 709; x_wconf 78' lang='lat' dir='ltr'><strong>omnibus</strong></span> <span class='ocrx_word' id='word_1_70' title='bbox 157 677 235 713; x_wconf 83' lang='lat' dir='ltr'><strong>praesto</strong></span> <span class='ocrx_word' id='word_1_71' title='bbox 247 684 295 712; x_wconf 87' lang='lat' dir='ltr'><strong>esse,</strong></span> <span class='ocrx_word' id='word_1_72' title='bbox 306 677 325 707; x_wconf 86' lang='lat' dir='ltr'><strong>et</strong></span> <span class='ocrx_word' id='word_1_73' title='bbox 335 674 418 716; x_wconf 81' lang='lat' dir='ltr'><strong>proinde</strong></span> <span class='ocrx_word' id='word_1_74' title='bbox 430 674 452 706; x_wconf 89' lang='lat' dir='ltr'><strong>de</strong></span> <span class='ocrx_word' id='word_1_75' title='bbox 463 674 516 722; x_wconf 82' lang='lat' dir='ltr'><strong>lacto</strong></span> <span class='ocrx_word' id='word_1_76' title='bbox 527 674 604 707; x_wconf 85' lang='lat' dir='ltr'><strong>homini</strong></span> <span class='ocrx_word' id='word_1_77' title='bbox 615 674 773 707; x_wconf 86' lang='lat' dir='ltr'><strong>observationem</strong></span> <span class='ocrx_word' id='word_1_78' title='bbox 785 675 833 713; x_wconf 84' lang='lat' dir='ltr'><strong>legis</strong></span> <span class='ocrx_word' id='word_1_79' title='bbox 845 685 880 707; x_wconf 81' lang='lat' dir='ltr'><strong>na-</strong></span> 
     </span>
     <span class='ocr_line' id='line_1_11' title="bbox 57 725 880 773; baseline -0.001 -5"><span class='ocrx_word' id='word_1_80' title='bbox 57 736 126 769; x_wconf 80' lang='lat' dir='ltr'><strong>turalis</strong></span> <span class='ocrx_word' id='word_1_81' title='bbox 143 744 182 767; x_wconf 88' lang='lat' dir='ltr'><strong>non</strong></span> <span class='ocrx_word' id='word_1_82' title='bbox 197 744 239 767; x_wconf 86' lang='lat' dir='ltr'><strong>esse</strong></span> <span class='ocrx_word' id='word_1_83' title='bbox 254 734 404 773; x_wconf 89' lang='lat' dir='ltr'><strong>impossibilem.</strong></span> <span class='ocrx_word' id='word_1_84' title='bbox 420 725 493 766; x_wconf 80' lang='lat' dir='ltr'><strong>Multas</strong></span> <span class='ocrx_word' id='word_1_85' title='bbox 509 734 630 767; x_wconf 83' lang='lat' dir='ltr'><strong>obiectiones</strong></span> <span class='ocrx_word' id='word_1_86' title='bbox 645 735 688 766; x_wconf 86' lang='lat' dir='ltr'><strong>vide</strong></span> <span class='ocrx_word' id='word_1_87' title='bbox 706 727 846 773; x_wconf 69' lang='lat' dir='ltr'><strong>apud&#39;Beraza</strong></span> <span class='ocrx_word' id='word_1_88' title='bbox 861 745 880 767; x_wconf 89' lang='lat' dir='ltr'><strong>n.</strong></span> 
     </span>
     <span class='ocr_line' id='line_1_12' title="bbox 58 785 510 833; baseline -0.011 -3"><span class='ocrx_word' id='word_1_89' title='bbox 58 795 216 833; x_wconf 39' lang='lat' dir='ltr'><strong>memo</strong></span> <span class='ocrx_word' id='word_1_90' title='bbox 508 785 510 787; x_wconf 79' lang='grc'><strong>’</strong></span> 
     </span>
    </p>
   </div>
   <div class='ocr_carea' id='block_1_3' title="bbox 74 971 878 1014">
    <p class='ocr_par' dir='ltr' id='par_1_5' title="bbox 74 971 878 1014">
     <span class='ocr_line' id='line_1_13' title="bbox 74 971 878 1014; baseline -0.002 -8"><span class='ocrx_word' id='word_1_91' title='bbox 74 974 129 1011; x_wconf 77' lang='lat' dir='ltr'><strong>Utrum</strong></span> <span class='ocrx_word' id='word_1_92' title='bbox 143 974 192 1006; x_wconf 82' lang='lat' dir='ltr'><strong>tomo</strong></span> <span class='ocrx_word' id='word_1_93' title='bbox 206 973 264 1014; x_wconf 76' lang='lat' dir='ltr'><strong>tapsus</strong></span> <span class='ocrx_word' id='word_1_94' title='bbox 277 972 319 1005; x_wconf 87' lang='lat' dir='ltr'><strong>solis</strong></span> <span class='ocrx_word' id='word_1_95' title='bbox 332 973 396 1006; x_wconf 74' lang='lat' dir='ltr'><strong>viribus</strong></span> <span class='ocrx_word' id='word_1_96' title='bbox 409 972 515 1006; x_wconf 77' lang='lat' dir='ltr'><strong>naturalitus</strong></span> <span class='ocrx_word' id='word_1_97' title='bbox 528 973 582 1013; x_wconf 84' lang='lat' dir='ltr'><strong>possit</strong></span> <span class='ocrx_word' id='word_1_98' title='bbox 595 972 665 1013; x_wconf 77' lang='lat' dir='ltr'><strong>diligere</strong></span> <span class='ocrx_word' id='word_1_99' title='bbox 678 971 728 1005; x_wconf 85' lang='lat' dir='ltr'><strong>lteum</strong></span> <span class='ocrx_word' id='word_1_100' title='bbox 742 981 793 1012; x_wconf 81' lang='lat' dir='ltr'><strong>super</strong></span> <span class='ocrx_word' id='word_1_101' title='bbox 806 972 878 1007; x_wconf 64' lang='lat' dir='ltr'><strong>omnin</strong></span> 
     </span>
    </p>
   </div>
   <div class='ocr_carea' id='block_1_4' title="bbox 62 1082 892 2506">
    <p class='ocr_par' dir='ltr' id='par_1_6' title="bbox 62 1082 892 2506">
     <span class='ocr_line' id='line_1_14' title="bbox 81 1082 885 1139; baseline -0.001 -8"><span class='ocrx_word' id='word_1_102' title='bbox 81 1082 84 1086; x_wconf 36' lang='grc'><strong><em>’</em></strong></span> <span class='ocrx_word' id='word_1_103' title='bbox 112 1096 159 1132; x_wconf 80' lang='lat' dir='ltr'><strong>Non</strong></span> <span class='ocrx_word' id='word_1_104' title='bbox 174 1095 291 1139; x_wconf 84' lang='lat' dir='ltr'><strong>quaeritur,</strong></span> <span class='ocrx_word' id='word_1_105' title='bbox 305 1097 377 1132; x_wconf 91' lang='lat' dir='ltr'><strong>utrum</strong></span> <span class='ocrx_word' id='word_1_106' title='bbox 392 1095 558 1138; x_wconf 82' lang='lat' dir='ltr'><strong>distinguendus</strong></span> <span class='ocrx_word' id='word_1_107' title='bbox 573 1088 601 1131; x_wconf 87' lang='lat' dir='ltr'><strong>sit</strong></span> <span class='ocrx_word' id='word_1_108' title='bbox 616 1105 677 1132; x_wconf 85' lang='lat' dir='ltr'><strong>arnor</strong></span> <span class='ocrx_word' id='word_1_109' title='bbox 690 1082 730 1132; x_wconf 81' lang='lat' dir='ltr'><strong>Dei</strong></span> <span class='ocrx_word' id='word_1_110' title='bbox 744 1096 849 1132; x_wconf 86' lang='lat' dir='ltr'><strong>naturalis</strong></span> <span class='ocrx_word' id='word_1_111' title='bbox 864 1098 885 1131; x_wconf 93' lang='lat' dir='ltr'><strong>et</strong></span> 
     </span>
     <span class='ocr_line' id='line_1_15' title="bbox 62 1159 891 1218; baseline -0.001 -15"><span class='ocrx_word' id='word_1_112' title='bbox 62 1178 128 1205; x_wconf 82' lang='lat' dir='ltr'><strong>arnor,</strong></span> <span class='ocrx_word' id='word_1_113' title='bbox 138 1166 315 1218; x_wconf 88' lang='lat' dir='ltr'><strong>supernaturalis,</strong></span> <span class='ocrx_word' id='word_1_114' title='bbox 334 1167 357 1204; x_wconf 90' lang='lat' dir='ltr'><strong>id</strong></span> <span class='ocrx_word' id='word_1_115' title='bbox 375 1168 433 1215; x_wconf 84' lang='lat' dir='ltr'><strong>quod</strong></span> <span class='ocrx_word' id='word_1_116' title='bbox 452 1167 567 1216; x_wconf 85' lang='lat' dir='ltr'><strong>probatum</strong></span> <span class='ocrx_word' id='word_1_117' title='bbox 586 1159 617 1203; x_wconf 83' lang='lat' dir='ltr'><strong>est</strong></span> <span class='ocrx_word' id='word_1_118' title='bbox 635 1167 657 1202; x_wconf 91' lang='lat' dir='ltr'><strong>in</strong></span> <span class='ocrx_word' id='word_1_119' title='bbox 675 1169 771 1217; x_wconf 72' lang='lat' dir='ltr'><strong>tractatu</strong></span> <span class='ocrx_word' id='word_1_120' title='bbox 787 1167 813 1215; x_wconf 86' lang='lat' dir='ltr'><strong>de</strong></span> <span class='ocrx_word' id='word_1_121' title='bbox 831 1167 891 1213; x_wconf 25' lang='lat' dir='ltr'><strong>cari--</strong></span> 
     </span>
     <span class='ocr_line' id='line_1_16' title="bbox 62 1225 886 1294; baseline -0.001 -19"><span class='ocrx_word' id='word_1_122' title='bbox 62 1243 101 1276; x_wconf 81' lang='lat' dir='ltr'><strong>tate</strong></span> <span class='ocrx_word' id='word_1_123' title='bbox 110 1243 146 1287; x_wconf 51' lang='lat' dir='ltr'><strong>lli-&#39;3</strong></span> <span class='ocrx_word' id='word_1_124' title='bbox 158 1240 281 1282; x_wconf 80' lang='lat' dir='ltr'><strong>oppositum</strong></span> <span class='ocrx_word' id='word_1_125' title='bbox 294 1240 418 1276; x_wconf 86' lang='lat' dir='ltr'><strong>damnatum</strong></span> <span class='ocrx_word' id='word_1_126' title='bbox 430 1243 461 1276; x_wconf 81' lang='lat' dir='ltr'><strong>est</strong></span> <span class='ocrx_word' id='word_1_127' title='bbox 472 1243 546 1276; x_wconf 83' lang='lat' dir='ltr'><strong>contra</strong></span> <span class='ocrx_word' id='word_1_128' title='bbox 556 1225 637 1294; x_wconf 80' lang='lat' dir='ltr'><strong>Baium,</strong></span> <span class='ocrx_word' id='word_1_129' title='bbox 649 1250 711 1282; x_wconf 86' lang='lat' dir='ltr'><strong>prop.</strong></span> <span class='ocrx_word' id='word_1_130' title='bbox 723 1239 759 1275; x_wconf 74' lang='lat'><strong>34:</strong></span> <span class='ocrx_word' id='word_1_131' title='bbox 774 1252 784 1274; x_wconf 89' lang='lat'>«</span> <span class='ocrx_word' id='word_1_132' title='bbox 793 1239 886 1289; x_wconf 85' lang='lat' dir='ltr'><strong>Distine-</strong></span> 
     </span>
     <span class='ocr_line' id='line_1_17' title="bbox 62 1299 887 1367; baseline 0 -20"><span class='ocrx_word' id='word_1_133' title='bbox 62 1313 90 1348; x_wconf 86' lang='lat' dir='ltr'><strong>tio</strong></span> <span class='ocrx_word' id='word_1_134' title='bbox 109 1312 145 1348; x_wconf 88' lang='lat' dir='ltr'><strong>illa</strong></span> <span class='ocrx_word' id='word_1_135' title='bbox 165 1312 258 1354; x_wconf 78' lang='lat' dir='ltr'><strong>duplicis</strong></span> <span class='ocrx_word' id='word_1_136' title='bbox 276 1313 362 1354; x_wconf 83' lang='lat' dir='ltr'><strong>amoris,</strong></span> <span class='ocrx_word' id='word_1_137' title='bbox 381 1313 485 1348; x_wconf 84' lang='lat' dir='ltr'><strong>naturalis</strong></span> <span class='ocrx_word' id='word_1_138' title='bbox 502 1312 610 1353; x_wconf 83' lang='lat' dir='ltr'><strong>videlicet,</strong></span> <span class='ocrx_word' id='word_1_139' title='bbox 628 1323 670 1355; x_wconf 88' lang='lat' dir='ltr'><strong>quo</strong></span> <span class='ocrx_word' id='word_1_140' title='bbox 687 1301 744 1367; x_wconf 79' lang='lat' dir='ltr'><strong>Deus</strong></span> <span class='ocrx_word' id='word_1_141' title='bbox 763 1299 852 1356; x_wconf 25' lang='lat' dir='ltr'><strong>amatur·</strong></span> <span class='ocrx_word' id='word_1_142' title='bbox 864 1314 887 1357; x_wconf 87' lang='lat' dir='ltr'><strong>ut</strong></span> 
     </span>
     <span class='ocr_line' id='line_1_18' title="bbox 62 1374 886 1435; baseline -0.001 -15"><span class='ocrx_word' id='word_1_143' title='bbox 62 1385 135 1421; x_wconf 79' lang='lat' dir='ltr'><strong>auctor</strong></span> <span class='ocrx_word' id='word_1_144' title='bbox 148 1386 244 1428; x_wconf 85' lang='lat' dir='ltr'><strong>naturae,</strong></span> <span class='ocrx_word' id='word_1_145' title='bbox 260 1386 280 1420; x_wconf 89' lang='lat' dir='ltr'><strong>et</strong></span> <span class='ocrx_word' id='word_1_146' title='bbox 295 1383 389 1426; x_wconf 74' lang='lat' dir='ltr'><strong>gratuiti,</strong></span> <span class='ocrx_word' id='word_1_147' title='bbox 405 1394 447 1427; x_wconf 83' lang='lat' dir='ltr'><strong>quo</strong></span> <span class='ocrx_word' id='word_1_148' title='bbox 463 1384 520 1420; x_wconf 87' lang='lat' dir='ltr'><strong>Deus</strong></span> <span class='ocrx_word' id='word_1_149' title='bbox 536 1386 619 1430; x_wconf 26' lang='lat' dir='ltr'><strong>ama-tur</strong></span> <span class='ocrx_word' id='word_1_150' title='bbox 635 1386 657 1420; x_wconf 88' lang='lat' dir='ltr'><strong>ut</strong></span> <span class='ocrx_word' id='word_1_151' title='bbox 673 1374 813 1435; x_wconf 81' lang='lat' dir='ltr'><strong>beatificator,</strong></span> <span class='ocrx_word' id='word_1_152' title='bbox 830 1393 886 1433; x_wconf 84' lang='lat' dir='ltr'><strong>vana</strong></span> 
     </span>
     <span class='ocr_line' id='line_1_19' title="bbox 63 1437 886 1504; baseline -0.001 -13"><span class='ocrx_word' id='word_1_153' title='bbox 63 1457 125 1492; x_wconf 87' lang='lat' dir='ltr'><strong>estet</strong></span> <span class='ocrx_word' id='word_1_154' title='bbox 138 1448 286 1499; x_wconf 85' lang='lat' dir='ltr'><strong>commentitia</strong></span> <span class='ocrx_word' id='word_1_155' title='bbox 298 1459 318 1492; x_wconf 88' lang='lat' dir='ltr'><strong>et</strong></span> <span class='ocrx_word' id='word_1_156' title='bbox 331 1455 358 1491; x_wconf 87' lang='lat' dir='ltr'><strong>ad</strong></span> <span class='ocrx_word' id='word_1_157' title='bbox 371 1455 507 1491; x_wconf 88' lang='lat' dir='ltr'><strong>illudendum</strong></span> <span class='ocrx_word' id='word_1_158' title='bbox 521 1456 589 1491; x_wconf 87' lang='lat' dir='ltr'><strong>sacris</strong></span> <span class='ocrx_word' id='word_1_159' title='bbox 603 1441 690 1504; x_wconf 81' lang='lat' dir='ltr'><strong>Litteris</strong></span> <span class='ocrx_word' id='word_1_160' title='bbox 703 1437 837 1497; x_wconf 71' lang='lat' dir='ltr'><strong>efplurimis</strong></span> <span class='ocrx_word' id='word_1_161' title='bbox 852 1446 886 1490; x_wconf 84' lang='lat' dir='ltr'><strong>ve-</strong></span> 
     </span>
     <span class='ocr_line' id='line_1_20' title="bbox 64 1514 890 1581; baseline 0 -19"><span class='ocrx_word' id='word_1_162' title='bbox 64 1531 131 1563; x_wconf 81' lang='lat' dir='ltr'><strong>terum</strong></span> <span class='ocrx_word' id='word_1_163' title='bbox 147 1528 277 1564; x_wconf 82' lang='lat' dir='ltr'><strong>testimoniis</strong></span> <span class='ocrx_word' id='word_1_164' title='bbox 293 1528 412 1570; x_wconf 77' lang='lat' dir='ltr'><strong>excogitata</strong></span> <span class='ocrx_word' id='word_1_165' title='bbox 421 1540 431 1562; x_wconf 87' lang='lat'>»</span> <span class='ocrx_word' id='word_1_166' title='bbox 441 1531 474 1563; x_wconf 79' lang='lat'><strong>2⁶³.</strong></span> <span class='ocrx_word' id='word_1_167' title='bbox 489 1527 530 1564; x_wconf 89' lang='lat' dir='ltr'><strong>Sed</strong></span> <span class='ocrx_word' id='word_1_168' title='bbox 544 1514 655 1571; x_wconf 80' lang='lat' dir='ltr'><strong>quaeritur</strong></span> <span class='ocrx_word' id='word_1_169' title='bbox 670 1531 741 1575; x_wconf 82' lang='lat' dir='ltr'><strong>utrum</strong></span> <span class='ocrx_word' id='word_1_170' title='bbox 757 1529 822 1578; x_wconf 82' lang='lat' dir='ltr'><strong>actus</strong></span> <span class='ocrx_word' id='word_1_171' title='bbox 831 1529 890 1581; x_wconf 81' lang='lat' dir='ltr'><strong>natu-</strong></span> 
     </span>
     <span class='ocr_line' id='line_1_21' title="bbox 64 1586 888 1647; baseline -0.001 -12"><span class='ocrx_word' id='word_1_172' title='bbox 64 1599 114 1647; x_wconf 84' lang='lat' dir='ltr'><strong>ralis</strong></span> <span class='ocrx_word' id='word_1_173' title='bbox 129 1599 215 1642; x_wconf 90' lang='lat' dir='ltr'><strong>amoris,</strong></span> <span class='ocrx_word' id='word_1_174' title='bbox 229 1610 271 1643; x_wconf 85' lang='lat' dir='ltr'><strong>quo</strong></span> <span class='ocrx_word' id='word_1_175' title='bbox 285 1599 342 1636; x_wconf 87' lang='lat' dir='ltr'><strong>Deus</strong></span> <span class='ocrx_word' id='word_1_176' title='bbox 357 1610 422 1642; x_wconf 89' lang='lat' dir='ltr'><strong>super</strong></span> <span class='ocrx_word' id='word_1_177' title='bbox 436 1600 509 1636; x_wconf 82' lang='lat' dir='ltr'>onmia</span> <span class='ocrx_word' id='word_1_178' title='bbox 524 1600 631 1643; x_wconf 81' lang='lat' dir='ltr'><strong>diligatur,</strong></span> <span class='ocrx_word' id='word_1_179' title='bbox 645 1599 729 1635; x_wconf 89' lang='lat' dir='ltr'><strong>homini</strong></span> <span class='ocrx_word' id='word_1_180' title='bbox 743 1600 805 1642; x_wconf 84' lang='lat' dir='ltr'><strong>lapso</strong></span> <span class='ocrx_word' id='word_1_181' title='bbox 819 1586 888 1641; x_wconf 85' lang='lat' dir='ltr'><strong>possi-¹</strong></span> 
     </span>
     <span class='ocr_line' id='line_1_22' title="bbox 65 1670 889 1719; baseline 0 -13"><span class='ocrx_word' id='word_1_182' title='bbox 65 1671 114 1707; x_wconf 89' lang='lat' dir='ltr'><strong>bilis</strong></span> <span class='ocrx_word' id='word_1_183' title='bbox 127 1672 161 1707; x_wconf 90' lang='lat' dir='ltr'><strong>sit.</strong></span> <span class='ocrx_word' id='word_1_184' title='bbox 174 1671 248 1708; x_wconf 81' lang='lat' dir='ltr'>Talem</span> <span class='ocrx_word' id='word_1_185' title='bbox 262 1682 357 1708; x_wconf 88' lang='lat' dir='ltr'><strong>amorem</strong></span> <span class='ocrx_word' id='word_1_186' title='bbox 371 1672 456 1707; x_wconf 89' lang='lat' dir='ltr'><strong>homini</strong></span> <span class='ocrx_word' id='word_1_187' title='bbox 469 1672 581 1719; x_wconf 74' lang='lat' dir='ltr'><strong>innocenti</strong></span> <span class='ocrx_word' id='word_1_188' title='bbox 594 1671 616 1707; x_wconf 91' lang='lat' dir='ltr'><strong>in</strong></span> <span class='ocrx_word' id='word_1_189' title='bbox 632 1671 709 1707; x_wconf 89' lang='lat' dir='ltr'><strong>ordine</strong></span> <span class='ocrx_word' id='word_1_190' title='bbox 722 1681 780 1707; x_wconf 92' lang='lat' dir='ltr'><strong>mere</strong></span> <span class='ocrx_word' id='word_1_191' title='bbox 795 1670 889 1707; x_wconf 86' lang='lat' dir='ltr'><strong>naturali</strong></span> 
     </span>
     <span class='ocr_line' id='line_1_23' title="bbox 65 1742 889 1786; baseline -0.001 -8"><span class='ocrx_word' id='word_1_192' title='bbox 65 1743 191 1784; x_wconf 85' lang='lat' dir='ltr'><strong>possibilem</strong></span> <span class='ocrx_word' id='word_1_193' title='bbox 208 1754 254 1779; x_wconf 88' lang='lat' dir='ltr'><strong>esse</strong></span> <span class='ocrx_word' id='word_1_194' title='bbox 272 1743 336 1780; x_wconf 85' lang='lat' dir='ltr'><strong>facile</strong></span> <span class='ocrx_word' id='word_1_195' title='bbox 354 1743 487 1780; x_wconf 82' lang='lat' dir='ltr'><strong>conceditur.</strong></span> <span class='ocrx_word' id='word_1_196' title='bbox 505 1743 571 1779; x_wconf 80' lang='lat' dir='ltr'><strong>Amor</strong></span> <span class='ocrx_word' id='word_1_197' title='bbox 589 1754 653 1786; x_wconf 87' lang='lat' dir='ltr'><strong>super</strong></span> <span class='ocrx_word' id='word_1_198' title='bbox 670 1743 744 1780; x_wconf 85' lang='lat' dir='ltr'><strong>omnia</strong></span> <span class='ocrx_word' id='word_1_199' title='bbox 761 1742 889 1785; x_wconf 79' lang='lat' dir='ltr'><strong>intelligitur</strong></span> 
     </span>
     <span class='ocr_line' id='line_1_24' title="bbox 65 1814 888 1858; baseline 0.001 -9"><span class='ocrx_word' id='word_1_200' title='bbox 65 1824 107 1850; x_wconf 89' lang='lat' dir='ltr'><strong>non</strong></span> <span class='ocrx_word' id='word_1_201' title='bbox 123 1814 236 1857; x_wconf 88' lang='lat' dir='ltr'><strong>intensive,</strong></span> <span class='ocrx_word' id='word_1_202' title='bbox 251 1815 289 1851; x_wconf 90' lang='lat' dir='ltr'><strong>sed</strong></span> <span class='ocrx_word' id='word_1_203' title='bbox 304 1815 453 1857; x_wconf 86' lang='lat' dir='ltr'><strong>appretiative,</strong></span> <span class='ocrx_word' id='word_1_204' title='bbox 469 1816 492 1852; x_wconf 92' lang='lat' dir='ltr'><strong>id</strong></span> <span class='ocrx_word' id='word_1_205' title='bbox 508 1818 540 1852; x_wconf 93' lang='lat' dir='ltr'><strong>est</strong></span> <span class='ocrx_word' id='word_1_206' title='bbox 556 1826 621 1857; x_wconf 86' lang='lat' dir='ltr'><strong>amor,</strong></span> <span class='ocrx_word' id='word_1_207' title='bbox 638 1826 680 1858; x_wconf 84' lang='lat' dir='ltr'><strong>quo</strong></span> <span class='ocrx_word' id='word_1_208' title='bbox 695 1815 752 1851; x_wconf 89' lang='lat' dir='ltr'><strong>Deus</strong></span> <span class='ocrx_word' id='word_1_209' title='bbox 768 1814 828 1851; x_wconf 87' lang='lat' dir='ltr'><strong>omni</strong></span> <span class='ocrx_word' id='word_1_210' title='bbox 843 1814 888 1851; x_wconf 89' lang='lat' dir='ltr'><strong>enti</strong></span> 
     </span>
     <span class='ocr_line' id='line_1_25' title="bbox 65 1878 888 1929; baseline 0.001 -9"><span class='ocrx_word' id='word_1_211' title='bbox 65 1888 135 1922; x_wconf 79' lang='lat' dir='ltr'><strong>creato</strong></span> <span class='ocrx_word' id='word_1_212' title='bbox 150 1878 278 1929; x_wconf 78' lang='lat' dir='ltr'><strong>praefertur.</strong></span> <span class='ocrx_word' id='word_1_213' title='bbox 292 1886 421 1923; x_wconf 83' lang='lat' dir='ltr'><strong>Huiusmodi</strong></span> <span class='ocrx_word' id='word_1_214' title='bbox 436 1897 496 1923; x_wconf 88' lang='lat' dir='ltr'><strong>amor</strong></span> <span class='ocrx_word' id='word_1_215' title='bbox 510 1888 633 1923; x_wconf 84' lang='lat' dir='ltr'><strong>necessario</strong></span> <span class='ocrx_word' id='word_1_216' title='bbox 648 1886 742 1923; x_wconf 85' lang='lat' dir='ltr'><strong>includit</strong></span> <span class='ocrx_word' id='word_1_217' title='bbox 756 1886 888 1922; x_wconf 84' lang='lat' dir='ltr'><strong>voluntatem</strong></span> 
     </span>
     <span class='ocr_line' id='line_1_26' title="bbox 66 1958 890 2005; baseline 0.002 -13"><span class='ocrx_word' id='word_1_218' title='bbox 66 1967 108 1993; x_wconf 90' lang='lat' dir='ltr'><strong>non</strong></span> <span class='ocrx_word' id='word_1_219' title='bbox 122 1959 236 2001; x_wconf 82' lang='lat' dir='ltr'><strong>peccandi,</strong></span> <span class='ocrx_word' id='word_1_220' title='bbox 252 1959 359 2001; x_wconf 87' lang='lat' dir='ltr'><strong>implendi</strong></span> <span class='ocrx_word' id='word_1_221' title='bbox 374 1970 399 1995; x_wconf 89' lang='lat' dir='ltr'><strong>ea</strong></span> <span class='ocrx_word' id='word_1_222' title='bbox 414 1969 468 2003; x_wconf 84' lang='lat' dir='ltr'><strong>quae</strong></span> <span class='ocrx_word' id='word_1_223' title='bbox 485 1959 541 1995; x_wconf 89' lang='lat' dir='ltr'><strong>Deus</strong></span> <span class='ocrx_word' id='word_1_224' title='bbox 557 1960 608 1996; x_wconf 83' lang='lat' dir='ltr'><strong>vult.</strong></span> <span class='ocrx_word' id='word_1_225' title='bbox 623 1958 671 1996; x_wconf 91' lang='lat' dir='ltr'><strong>Non</strong></span> <span class='ocrx_word' id='word_1_226' title='bbox 688 1959 758 2001; x_wconf 77' lang='lat' dir='ltr'><strong>agitur</strong></span> <span class='ocrx_word' id='word_1_227' title='bbox 774 1958 799 1995; x_wconf 92' lang='lat' dir='ltr'><strong>de</strong></span> <span class='ocrx_word' id='word_1_228' title='bbox 817 1969 890 2005; x_wconf 79' lang='lat' dir='ltr'><strong>amore</strong></span> 
     </span>
     <span class='ocr_line' id='line_1_27' title="bbox 67 2030 890 2079; baseline 0.002 -15"><span class='ocrx_word' id='word_1_229' title='bbox 67 2031 216 2072; x_wconf 76' lang='lat' dir='ltr'><strong>superomnia</strong></span> <span class='ocrx_word' id='word_1_230' title='bbox 230 2030 335 2074; x_wconf 78' lang='lat' dir='ltr'><strong>effective,</strong></span> <span class='ocrx_word' id='word_1_231' title='bbox 349 2031 372 2067; x_wconf 89' lang='lat' dir='ltr'><strong>id</strong></span> <span class='ocrx_word' id='word_1_232' title='bbox 386 2035 418 2067; x_wconf 86' lang='lat' dir='ltr'><strong>est</strong></span> <span class='ocrx_word' id='word_1_233' title='bbox 430 2031 475 2074; x_wconf 79' lang='lat' dir='ltr'><strong>tali,</strong></span> <span class='ocrx_word' id='word_1_234' title='bbox 488 2042 529 2075; x_wconf 82' lang='lat' dir='ltr'><strong>quo</strong></span> <span class='ocrx_word' id='word_1_235' title='bbox 541 2031 606 2068; x_wconf 90' lang='lat' dir='ltr'><strong>horno</strong></span> <span class='ocrx_word' id='word_1_236' title='bbox 621 2031 647 2068; x_wconf 88' lang='lat' dir='ltr'><strong>de</strong></span> <span class='ocrx_word' id='word_1_237' title='bbox 661 2031 718 2067; x_wconf 81' lang='lat' dir='ltr'><strong>facto</strong></span> <span class='ocrx_word' id='word_1_238' title='bbox 732 2030 796 2079; x_wconf 81' lang='lat' dir='ltr'><strong>etiam</strong></span> <span class='ocrx_word' id='word_1_239' title='bbox 810 2031 832 2066; x_wconf 89' lang='lat' dir='ltr'><strong>in</strong></span> <span class='ocrx_word' id='word_1_240' title='bbox 846 2031 890 2067; x_wconf 89' lang='lat' dir='ltr'><strong>suis</strong></span> 
     </span>
     <span class='ocr_line' id='line_1_28' title="bbox 67 2102 891 2147; baseline 0.002 -10"><span class='ocrx_word' id='word_1_241' title='bbox 67 2102 168 2142; x_wconf 88' lang='lat' dir='ltr'><strong>operibus</strong></span> <span class='ocrx_word' id='word_1_242' title='bbox 183 2102 251 2139; x_wconf 84' lang='lat' dir='ltr'><strong>Deum</strong></span> <span class='ocrx_word' id='word_1_243' title='bbox 268 2102 368 2139; x_wconf 88' lang='lat' dir='ltr'><strong>omnibus</strong></span> <span class='ocrx_word' id='word_1_244' title='bbox 386 2103 491 2139; x_wconf 82' lang='lat' dir='ltr'><strong>creaturis</strong></span> <span class='ocrx_word' id='word_1_245' title='bbox 507 2103 624 2147; x_wconf 77' lang='lat' dir='ltr'><strong>praeterat3</strong></span> <span class='ocrx_word' id='word_1_246' title='bbox 642 2103 701 2139; x_wconf 89' lang='lat' dir='ltr'><strong>hunc</strong></span> <span class='ocrx_word' id='word_1_247' title='bbox 719 2113 814 2140; x_wconf 86' lang='lat' dir='ltr'><strong>amorem</strong></span> <span class='ocrx_word' id='word_1_248' title='bbox 831 2106 891 2139; x_wconf 90' lang='lat' dir='ltr'><strong>natu-</strong></span> 
     </span>
     <span class='ocr_line' id='line_1_29' title="bbox 67 2172 890 2217; baseline 0.004 -10"><span class='ocrx_word' id='word_1_249' title='bbox 67 2172 139 2210; x_wconf 86' lang='lat' dir='ltr'><strong>raliter</strong></span> <span class='ocrx_word' id='word_1_250' title='bbox 151 2174 309 2217; x_wconf 88' lang='lat' dir='ltr'><strong>impossibilem</strong></span> <span class='ocrx_word' id='word_1_251' title='bbox 320 2185 367 2211; x_wconf 90' lang='lat' dir='ltr'><strong>esse</strong></span> <span class='ocrx_word' id='word_1_252' title='bbox 378 2175 434 2211; x_wconf 88' lang='lat' dir='ltr'><strong>thesi</strong></span> <span class='ocrx_word' id='word_1_253' title='bbox 446 2175 582 2212; x_wconf 83' lang='lat' dir='ltr'><strong>antecedenti</strong></span> <span class='ocrx_word' id='word_1_254' title='bbox 592 2174 707 2217; x_wconf 89' lang='lat' dir='ltr'><strong>probatum</strong></span> <span class='ocrx_word' id='word_1_255' title='bbox 715 2178 755 2211; x_wconf 86' lang='lat' dir='ltr'><strong>est.</strong></span> <span class='ocrx_word' id='word_1_256' title='bbox 767 2174 809 2212; x_wconf 85' lang='lat' dir='ltr'><strong>Sed</strong></span> <span class='ocrx_word' id='word_1_257' title='bbox 820 2186 890 2211; x_wconf 88' lang='lat' dir='ltr'><strong>sermo</strong></span> 
     </span>
     <span class='ocr_line' id='line_1_30' title="bbox 68 2245 891 2290; baseline 0.004 -10"><span class='ocrx_word' id='word_1_258' title='bbox 68 2247 98 2279; x_wconf 83' lang='lat' dir='ltr'><strong>est</strong></span> <span class='ocrx_word' id='word_1_259' title='bbox 112 2245 137 2281; x_wconf 89' lang='lat' dir='ltr'><strong>de</strong></span> <span class='ocrx_word' id='word_1_260' title='bbox 151 2256 224 2282; x_wconf 86' lang='lat' dir='ltr'><strong>amore</strong></span> <span class='ocrx_word' id='word_1_261' title='bbox 237 2257 301 2289; x_wconf 89' lang='lat' dir='ltr'><strong>super</strong></span> <span class='ocrx_word' id='word_1_262' title='bbox 314 2248 387 2283; x_wconf 82' lang='lat' dir='ltr'><strong>omnia</strong></span> <span class='ocrx_word' id='word_1_263' title='bbox 401 2246 507 2290; x_wconf 85' lang='lat' dir='ltr'><strong>affective,</strong></span> <span class='ocrx_word' id='word_1_264' title='bbox 521 2246 545 2283; x_wconf 92' lang='lat' dir='ltr'><strong>id</strong></span> <span class='ocrx_word' id='word_1_265' title='bbox 559 2250 596 2290; x_wconf 81' lang='lat' dir='ltr'><strong>est,</strong></span> <span class='ocrx_word' id='word_1_266' title='bbox 610 2250 683 2283; x_wconf 87' lang='lat' dir='ltr'><strong>utrum</strong></span> <span class='ocrx_word' id='word_1_267' title='bbox 696 2247 746 2283; x_wconf 90' lang='lat' dir='ltr'><strong>talis</strong></span> <span class='ocrx_word' id='word_1_268' title='bbox 760 2246 850 2283; x_wconf 85' lang='lat' dir='ltr'><strong>affectus</strong></span> <span class='ocrx_word' id='word_1_269' title='bbox 864 2247 891 2283; x_wconf 88' lang='lat' dir='ltr'><strong>ab</strong></span> 
     </span>
     <span class='ocr_line' id='line_1_31' title="bbox 67 2307 892 2361; baseline 0.004 -11"><span class='ocrx_word' id='word_1_270' title='bbox 67 2314 154 2353; x_wconf 88' lang='lat' dir='ltr'><strong>homine</strong></span> <span class='ocrx_word' id='word_1_271' title='bbox 168 2317 250 2354; x_wconf 80' lang='lat' dir='ltr'><strong>viribus</strong></span> <span class='ocrx_word' id='word_1_272' title='bbox 263 2318 398 2354; x_wconf 82' lang='lat' dir='ltr'><strong>naturalibus</strong></span> <span class='ocrx_word' id='word_1_273' title='bbox 412 2318 462 2354; x_wconf 90' lang='lat' dir='ltr'><strong>elici</strong></span> <span class='ocrx_word' id='word_1_274' title='bbox 475 2319 551 2361; x_wconf 82' lang='lat' dir='ltr'><strong>possit.</strong></span> <span class='ocrx_word' id='word_1_275' title='bbox 562 2317 588 2354; x_wconf 90' lang='lat' dir='ltr'><strong>Et</strong></span> <span class='ocrx_word' id='word_1_276' title='bbox 601 2307 729 2361; x_wconf 61' lang='lat' dir='ltr'><strong>quidem&#39;de</strong></span> <span class='ocrx_word' id='word_1_277' title='bbox 742 2319 787 2355; x_wconf 89' lang='lat' dir='ltr'><strong>sola</strong></span> <span class='ocrx_word' id='word_1_278' title='bbox 799 2318 892 2361; x_wconf 83' lang='lat' dir='ltr'><strong>possibi-</strong></span> 
     </span>
     <span class='ocr_line' id='line_1_32' title="bbox 67 2386 892 2433; baseline 0.005 -11"><span class='ocrx_word' id='word_1_279' title='bbox 67 2386 126 2425; x_wconf 82' lang='lat' dir='ltr'><strong>litate</strong></span> <span class='ocrx_word' id='word_1_280' title='bbox 141 2390 258 2433; x_wconf 69' lang='lat' dir='ltr'><strong>quaeritur,</strong></span> <span class='ocrx_word' id='word_1_281' title='bbox 272 2400 316 2426; x_wconf 89' lang='lat' dir='ltr'><strong>non</strong></span> <span class='ocrx_word' id='word_1_282' title='bbox 331 2392 403 2426; x_wconf 89' lang='lat' dir='ltr'><strong>utrum</strong></span> <span class='ocrx_word' id='word_1_283' title='bbox 418 2389 467 2426; x_wconf 88' lang='lat' dir='ltr'><strong>talis</strong></span> <span class='ocrx_word' id='word_1_284' title='bbox 482 2393 542 2426; x_wconf 82' lang='lat' dir='ltr'><strong>actus</strong></span> <span class='ocrx_word' id='word_1_285' title='bbox 558 2400 632 2427; x_wconf 85' lang='lat' dir='ltr'><strong>revera</strong></span> <span class='ocrx_word' id='word_1_286' title='bbox 647 2390 777 2426; x_wconf 83' lang='lat' dir='ltr'><strong>inveniatur.</strong></span> <span class='ocrx_word' id='word_1_287' title='bbox 793 2390 892 2427; x_wconf 87' lang='lat' dir='ltr'><strong>Potentia</strong></span> 
     </span>
     <span class='ocr_line' id='line_1_33' title="bbox 68 2461 892 2506; baseline 0.005 -13"><span class='ocrx_word' id='word_1_288' title='bbox 68 2461 137 2496; x_wconf 86' lang='lat' dir='ltr'><strong>autem</strong></span> <span class='ocrx_word' id='word_1_289' title='bbox 148 2471 192 2498; x_wconf 88' lang='lat' dir='ltr'><strong>non</strong></span> <span class='ocrx_word' id='word_1_290' title='bbox 203 2461 332 2504; x_wconf 79' lang='lat' dir='ltr'><strong>intelligitur</strong></span> <span class='ocrx_word' id='word_1_291' title='bbox 342 2461 440 2504; x_wconf 83' lang='lat' dir='ltr'><strong>physica,</strong></span> <span class='ocrx_word' id='word_1_292' title='bbox 450 2472 504 2505; x_wconf 84' lang='lat' dir='ltr'><strong>quae</strong></span> <span class='ocrx_word' id='word_1_293' title='bbox 514 2462 592 2498; x_wconf 85' lang='lat' dir='ltr'><strong>iterum</strong></span> <span class='ocrx_word' id='word_1_294' title='bbox 604 2462 737 2506; x_wconf 87' lang='lat' dir='ltr'><strong>conceditur,</strong></span> <span class='ocrx_word' id='word_1_295' title='bbox 749 2462 787 2498; x_wconf 87' lang='lat' dir='ltr'><strong>sed</strong></span> <span class='ocrx_word' id='word_1_296' title='bbox 797 2462 892 2504; x_wconf 80' lang='lat' dir='ltr'><strong>moralis,</strong></span> 
     </span>
    </p>
   </div>
   <div class='ocr_carea' id='block_1_5' title="bbox 118 2665 521 2757">
    <p class='ocr_par' dir='ltr' id='par_1_7' title="bbox 118 2665 521 2757">
     <span class='ocr_line' id='line_1_34' title="bbox 118 2665 521 2703; baseline 0 -6"><span class='ocrx_word' id='word_1_297' title='bbox 118 2667 144 2688; x_wconf 71' lang='lat'><strong>2⁶2</strong></span> <span class='ocrx_word' id='word_1_298' title='bbox 157 2665 184 2697; x_wconf 78' lang='lat' dir='ltr'><strong>lle</strong></span> <span class='ocrx_word' id='word_1_299' title='bbox 197 2665 305 2697; x_wconf 86' lang='lat' dir='ltr'><strong>virtutibus</strong></span> <span class='ocrx_word' id='word_1_300' title='bbox 318 2665 434 2703; x_wconf 80' lang='lat' dir='ltr'><strong>theologicis</strong></span> <span class='ocrx_word' id='word_1_301' title='bbox 448 2675 467 2697; x_wconf 88' lang='lat' dir='ltr'><strong>n.</strong></span> <span class='ocrx_word' id='word_1_302' title='bbox 482 2666 521 2697; x_wconf 77' lang='lat'>528.</span> 
     </span>
     <span class='ocr_line' id='line_1_35' title="bbox 118 2725 275 2757; baseline 0 -1"><span class='ocrx_word' id='word_1_303' title='bbox 118 2727 144 2748; x_wconf 70' lang='lat'><strong>2⁶³</strong></span> <span class='ocrx_word' id='word_1_304' title='bbox 158 2725 210 2757; x_wconf 87' lang='lat' dir='ltr'><strong>Denz</strong></span> <span class='ocrx_word' id='word_1_305' title='bbox 224 2725 275 2757; x_wconf 75' lang='lat'>1034.</span> 
     </span>
    </p>
   </div>
   <div class='ocr_carea' id='block_1_6' title="bbox 0 0 993 3093">
    <p class='ocr_par' dir='ltr' id='par_1_8' title="bbox 0 0 993 3093">
     <span class='ocr_line' id='line_1_36' title="bbox 0 0 993 3093; baseline 0 0"><span class='ocrx_word' id='word_1_306' title='bbox 0 0 993 3093; x_wconf 95' lang='lat' dir='ltr'><strong> </strong></span> 
     </span>
    </p>
   </div>
  </div>
 </body>
</html>
