1952 3093
451 63 572 100 -198-

97 184 139 215 eius
154 184 315 222 explicationem
329 184 350 216 in
364 185 400 216 hac
415 186 481 216 autem
496 183 628 223 applicatione
641 185 706 216 textus
721 193 828 216 cousensus
842 183 923 216 Patrum

97 254 137 276 non
151 244 275 277 haheturffl.

170 317 188 354 b)
203 317 225 348 ln
237 316 350 349 infidelibus
363 326 403 349 non
416 317 502 349 inveniri
515 326 571 349 veras
583 316 667 349 virtutes
680 326 695 348 s.
708 317 830 355 Augustinus
843 317 923 355 exponit

98 379 167 409 contra
178 377 292 416 pelagianos
303 377 338 416 qui
350 377 418 410 dicunt
431 387 441 409 «
449 376 524 409 alienos
537 387 549 409 a
559 376 596 409 fide
608 376 709 409 abundare
721 376 835 415 virtutibus,
847 376 868 408 in
881 378 924 416 qui-

97 438 134 469 bus
143 437 185 469 sine
196 437 294 470 adiutorio
304 437 385 476 gratiae,
396 437 461 469 solum
471 440 500 469 est
509 439 592 469 naturae
602 436 682 475 honum,
692 436 738 469 licet
747 436 923 475 superstitionibus

97 497 239 536 mancipatum,
251 497 285 536 qui
297 497 346 530 solis
358 497 457 530 libertatis
467 497 567 536 ingenitae
578 496 661 535 viribus,
673 500 692 530 et
703 496 839 529 misericordes
850 496 924 536 crebro,

97 559 117 589 et
128 558 218 595 modesti,
228 560 248 589 et
258 557 308 589 casti
320 558 455 596 inveniuntur,
466 559 485 590 et
495 557 557 589 sobrii
564 567 574 589 »
581 560 615 589 1⁷³².
627 557 655 589 Ad
666 557 713 590 haec
724 556 856 596 Augustinus:
869 557 924 590 «Sed

99 618 151 650 absit
163 620 186 650 ut
199 617 226 650 sit
240 619 260 650 in
275 617 342 656 aliquo
356 628 402 650 vera
414 618 483 656 virtus,
497 617 537 650 nisi
551 617 612 649 tuerit
625 617 696 650 iustus.
711 616 768 650 Absit
781 620 847 650 autem
861 619 883 650 ut
898 618 924 650 sit

98 679 163 710 iustus
177 687 227 717 vere,
241 678 281 711 nisi
294 678 349 711 vivat
362 679 386 710 ex
400 678 446 710 fide:
461 677 527 710 Iustus
542 677 596 709 enim
610 687 634 710 ex
648 677 684 710 fide
698 678 747 709 vivit
753 681 787 710 1⁷5.
802 677 850 717 Quis
865 687 924 716 porro

98 748 167 770 eorum
180 738 214 777 qui
227 747 247 771 se
260 738 380 771 christianos
393 737 462 771 haberi
475 738 551 776 volunt,
564 737 605 770 nisi
617 737 655 770 soli
669 737 776 776 Pelagiani‚
790 740 825 770 aut
839 738 860 770 in
874 737 924 777 ipsis

98 799 159 831 etiam
173 798 225 831 forte
241 801 263 831 tu
279 798 340 837 solus,
354 799 430 831 iustum
446 797 519 831 dixerit
534 797 639 837 infidelem,
654 797 731 830 iustum
745 797 817 831 dixerit
833 798 924 837 impium,

98 859 174 891 iustum
186 859 258 890 dixerit
270 858 349 891 diabolo
362 858 509 896 mancipatum?
523 858 551 891 Sit
564 858 611 890 lieet
623 858 658 890 ille
671 857 779 897 Fabricius,
791 858 818 891 sit
829 858 875 891 licet
888 858 924 891 Fa-

97 919 149 957 bius,
162 919 188 951 sit
201 919 247 952 lieet
260 919 331 958 Scipio,
343 919 369 951 sit
382 919 428 951 licet
440 918 532 957 Regulus,
544 927 629 957 quorum
641 927 673 950 me
686 918 807 957 nominibus,
821 921 924 957 tamquam

98 980 119 1011 in
132 980 215 1018 antiqua
227 979 317 1012 Romana
330 979 385 1011 curia
396 979 528 1018 loqueremur,
540 979 616 1018 putasti
628 987 671 1011 esse
683 978 802 1012 terrendum.
815 978 888 1011 Verum
901 980 924 1011 tu

98 1040 119 1071 in
132 1039 169 1072 hac
181 1049 241 1072 causa
253 1039 290 1071 etsi
302 1039 327 1071 ad
339 1038 427 1071 scholam
440 1038 563 1077 Pythagorae
575 1048 668 1077 provoces
680 1038 713 1071 vel
724 1038 819 1078 Platonis,
833 1038 867 1071 ubi
880 1049 924 1072 eru-

98 1099 193 1132 ditissimi
209 1102 267 1138 atque
284 1099 394 1131 doctissimi
410 1099 448 1131 viri
463 1088 527 1131 multo
544 1099 682 1131 excellentiore
698 1099 780 1132 caeteris
796 1099 924 1138 philosophia

98 1160 200 1192 nobilitati
210 1169 266 1192 veras
277 1160 361 1191 virtutes
370 1168 411 1192 non
422 1168 465 1191 esse
476 1158 573 1198 dicebant,
582 1158 622 1192 nisi
635 1168 685 1198 quae
695 1159 758 1191 menti
768 1159 854 1198 quodam
865 1160 923 1192 modo

99 1220 241 1258 imprimuntur
257 1230 268 1252 a
283 1219 348 1252 torma
362 1219 418 1252 illius
433 1221 523 1251 aeternae
538 1218 710 1258 immutabilisque
725 1218 855 1257 substantiae,
871 1220 924 1259 quod

99 1283 129 1312 est
140 1280 201 1318 Deus3
215 1280 276 1312 etiam
289 1280 331 1312 illic
344 1279 437 1312 adversus
449 1282 474 1318 te,
488 1281 585 1319 quantum
597 1279 658 1312 donat
670 1279 752 1318 quinos
765 1279 849 1318 vocavit,
862 1279 924 1318 pieta-

98 1341 124 1372 tis
136 1340 228 1381 libertate
242 1339 342 1372 clamabo:
357 1338 396 1372 Nec
408 1339 429 1371 in
443 1340 488 1372 istis
501 1341 530 1372 est
543 1348 590 1372 vera
603 1339 687 1372 iustitia.
702 1339 768 1382 Iustus
781 1349 804 1372 ex
817 1339 854 1372 fide
868 1340 923 1372 vivit.

98 1400 155 1432 Fides
169 1410 193 1432 ex
207 1399 282 1438 auditu,
297 1399 377 1432 auditus
390 1402 457 1432 autem
470 1409 505 1438 per
516 1399 598 1432 verbum
612 1399 696 1433 Christi:
711 1399 756 1432 finis
770 1399 818 1438 legis
833 1399 924 1433 Christus

99 1461 123 1493 ad
135 1461 235 1492 iustitiam
247 1460 301 1492 omni
314 1460 400 1492 credenti
406 1462 441 1492 1⁷¹⁶„
453 1459 554 1499 Quomodo
568 1462 614 1492 sunt
627 1469 671 1492 vere
684 1460 738 1499 iusti,
751 1459 823 1500 quibus
836 1460 882 1492 vilis
895 1464 924 1493 est

97 1521 202 1552 humilitas
213 1521 254 1552 veri
266 1520 326 1552 iusti?
338 1521 380 1559 Quo
392 1521 445 1552 enim
456 1520 639 1559 propinquaverunt
651 1520 846 1559 intelligentiarum
857 1530 924 1559 super-

98 1581 131 1613 hia
142 1582 273 1613 recesserunt:
286 1581 334 1619 quia
345 1582 483 1618 cognoscentes
494 1580 562 1618 Deum,
574 1590 613 1612 non
625 1581 676 1612 sicut
687 1581 749 1612 Deum
760 1580 924 1619 glorificaverunt,

98 1643 132 1673 aut
142 1641 215 1679 gratias
228 1642 317 1679 egemus
330 1640 364 1673 sed
376 1643 499 1673 evanuerunt
509 1641 530 1672 in
541 1640 694 1679 cogitationibus
707 1642 754 1679 suis,
765 1643 785 1673 et
796 1641 924 1674 obscuratum

99 1704 128 1733 est
146 1701 242 1740 insipiens
260 1710 293 1733 cor
310 1710 383 1733 eorum.
401 1700 491 1733 Dicentes
508 1700 561 1733 enim
579 1710 658 1733 se-esse
676 1701 782 1740 sapientes,
800 1701 857 1733 stulti
875 1701 924 1734 faeti

98 1763 185 1794 suntffl.
197 1761 298 1800 Quomodo
311 1761 372 1793 estin
385 1761 413 1793 eis
425 1771 472 1793 vera
483 1760 568 1800 iustitia,
579 1761 599 1793 in
611 1761 684 1800 quihus
695 1771 735 1793 non
747 1764 776 1794 est
789 1771 834 1794 vera
846 1763 924 1800 sapien-

98 1821 139 1853 tia?
152 1821 216 1859 Quam
227 1821 244 1853 si
258 1822 286 1853 eis
299 1821 434 1860 tribuerimus,
446 1821 499 1853 nihil
512 1821 550 1853 erit
562 1831 633 1854 causae
645 1831 680 1854 cur
693 1831 733 1854 non
745 1831 778 1854 eos
793 1822 817 1854 ad
830 1821 882 1854 illud
895 1832 924 1854 re-

98 1889 158 1920 gnum
170 1882 272 1920 pervenire
284 1881 378 1920 dicamus,
390 1882 413 1913 de
425 1891 464 1920 quo
476 1881 572 1920 scriptum
584 1883 623 1914 est:
638 1881 802 1921 Concupiscentia
814 1881 924 1921 sapientiae

98 1941 176 1973 deducit
187 1942 211 1974 ad
223 1948 304 1980 regnum
309 1944 344 1973 1⁷8.
355 1941 381 1973 Ac
391 1950 427 1981 per
436 1941 473 1973 hoc
484 1941 574 1974 Christus
584 1941 645 1980 gratis
657 1944 747 1974 mortuus
758 1944 794 1981 est,
805 1943 822 1975 si
833 1942 923 1975 homines

98 2002 141 2033 sine
151 2002 192 2033 fide
203 2002 277 2033 Christi
288 2002 313 2034 ad
323 2002 386 2034 fidem
395 2010 468 2040 veram,
479 2002 503 2034 ad
514 2001 608 2034 virtutem
620 2011 692 2041 veram,
704 2002 728 2034 ad
740 2002 839 2035 iustitiam
851 2012 924 2040 veram,

99 2063 123 2095 ad
135 2062 254 2101 sapientiam
266 2071 338 2101 veram,
351 2071 475 2101 quacumque
486 2071 507 2094 re
519 2061 565 2101 alia,
577 2071 700 2102 quacumque
712 2062 789 2095 ratione
801 2063 924 2101 perveniunt.

99 2123 181 2155 Prorsus
194 2122 245 2155 sicut
257 2122 280 2154 de
292 2123 333 2161 lege
345 2121 448 2155 verissime
460 2122 488 2154 ait
499 2122 615 2161 Apostolus:
630 2122 650 2155 Si
660 2132 695 2161 per
707 2122 769 2161 legem
782 2123 866 2162 iustitia,
879 2132 923 2162 ergo

98 2182 189 2214 Christus
201 2183 262 2220 gratis
273 2184 364 2214 mortuus
376 2184 406 2214 est
412 2185 446 2221 179,
459 2181 488 2214 ita
498 2181 600 2214 verissime
612 2182 694 2215 dicitnr:
708 2183 728 2215 si
740 2192 775 2221 per
786 2186 879 2216 naturam
890 2194 924 2216 vo-

145 2361 171 2383 1l³
186 2357 282 2390 Scheeben
299 2358 311 2388 l.
326 2367 341 2389 c.
356 2367 385 2389 nr.
403 2357 443 2389 517.

145 2422 172 2443 ffl
186 2417 259 2450 Contra
272 2417 373 2450 lulianum
387 2417 399 2449 l.
413 2418 424 2449 4
439 2427 467 2449 ur.
483 2418 513 2454 16;
529 2417 562 2449 ML
574 2418 602 2456 44,
617 2418 657 2449 744.

145 2481 172 2503 2⁷5
185 2477 235 2511 Rom
254 2478 269 2517 1,
289 2478 316 2510 1⁷.

146 2542 172 2564 1⁷6
185 2538 235 2570 Rom
248 2538 276 2577 10,
289 2538 316 2570 17.
330 2537 346 2570 t.

147 2601 173 2623 17⁷
187 2598 237 2631 Rom
251 2599 267 2636 1,
280 2598 308 2630 21.
322 2598 350 2630 22.

147 2662 174 2684 12⁸
188 2659 225 2697 Sap
240 2659 257 2696 6,
273 2658 301 2690 21.

147 2723 174 2744 12⁹
188 2720 222 2752 Gal
237 2719 253 2752 2.
267 2719 295 2751 21.
