1952 3093
478 87 599 124 -180-

126 201 184 246 enim
195 219 270 245 verum
283 212 315 245 est
327 208 464 251 suppositum
478 209 530 251 eius,
544 208 633 244 unicum
648 207 732 244 scilicet
745 207 810 244 finem
824 208 951 250 possibilem

125 280 221 318 hominis
235 291 281 317 esse
298 280 405 317 visionem
420 280 460 317 Dei
476 280 606 323 intuitivam,
621 283 641 316 et
656 280 679 315 in
695 279 771 316 natura
788 280 889 316 rationali
906 290 952 317 esse

126 354 159 389 ius
174 355 281 389 remotum
296 352 324 389 ad
338 352 481 389 hereditatem
496 352 625 389 caelestem

178 436 200 473 Si
221 445 270 479 ergo
290 435 344 473 ordo
363 436 444 479 gratiae
463 436 633 479 supernaturalis
652 439 683 472 est
704 436 767 479 plane
787 439 846 472 extra
866 447 951 472 omnem

126 508 256 551 exigentiam
269 507 357 544 naturae
371 508 484 551 humanae,
497 508 556 544 nulla
568 507 591 543 in
604 518 628 544 ea
641 512 673 545 est
686 507 780 550 positiva
794 508 903 544 ordinatio
917 518 952 544 ne-

125 590 167 624 que
178 580 206 616 ad
216 580 288 623 ipsum
299 579 363 616 finem
374 589 444 624 neque
456 580 483 617 ad
495 579 667 623 supernatur-alia
679 579 751 616 media
761 590 809 616 eum
820 589 952 623 consequen-

126 651 155 688 di.
169 650 221 688 Cum
235 654 306 688 autem
319 651 385 688 homo
400 652 427 688 sit
441 651 593 688 intellectualis
607 654 690 694 natura,
703 650 837 695 possibilitas
852 635 951 688 elevatioss

125 723 160 759 nis
174 723 197 759 in
211 723 269 760 hunc
283 723 383 760 ordinem
397 724 463 761 adest.
476 723 534 760 Haec
548 722 682 766 possibilitas
697 723 742 760 sive
756 723 865 766 capacitas
878 724 952 759 imme-

127 795 184 832 diate
199 794 253 831 dicit
266 806 310 832 non
324 796 490 839 repugnantiam
503 794 552 831 talis
567 794 700 831 elevationis.
715 794 750 831 Sic
764 795 786 830 in
802 798 878 831 natura
890 795 952 831 intel-

126 867 214 903 lectuali
231 870 262 903 est
279 852 377 910 potentia
394 866 546 903 obedientialis
564 867 592 903 ad
608 867 665 903 hanc
682 867 823 904 elevationem
840 869 860 903 et
876 867 904 903 ad
922 877 952 903 re-

127 938 230 981 cipienda
247 939 328 975 auxilia
343 939 408 975 huius
425 938 515 981 ordinis,
532 938 555 975 id
572 942 604 975 est
621 932 658 975 illa
674 939 776 981 potentia,
795 949 837 982 qua
854 941 952 975 creatura

127 1009 202 1047 obedit
215 1010 315 1053 creatori,
329 1011 359 1047 ita
372 1013 396 1047 ut
409 1010 446 1047 ille
460 1021 506 1046 eam
521 1010 548 1046 ad
562 999 645 1055 aliquid
658 1010 759 1047 idoneam
773 1010 864 1047 reddere
877 1011 952 1053 possit,

127 1082 186 1125 quod
201 1082 259 1119 vires
276 1085 386 1119 creaturae
403 1081 493 1119 excedit.
510 1082 568 1118 Haec
584 1073 682 1125 potentia
697 1081 849 1119 obedientialis
866 1082 952 1125 passiva

128 1157 160 1190 est
170 1165 194 1190 eo
206 1164 276 1196 sensu,
287 1154 345 1197 quod
355 1156 454 1190 creatura
464 1165 490 1189 ex
501 1164 522 1190 se
535 1154 604 1190 solum
614 1164 682 1196 capax
693 1156 724 1190 est
734 1147 857 1196 recipiendi
867 1146 953 1196 passive

128 1224 166 1261 illa
180 1225 236 1262 dona
249 1228 269 1261 et
282 1225 371 1269 auxilia3
386 1226 423 1262 sed
436 1236 485 1262 cum
498 1226 566 1268 gratia
580 1227 666 1268 recepta
678 1225 743 1262 homo
757 1225 826 1262 active
840 1224 953 1268 cooperari

128 1300 200 1340 potest
216 1301 236 1334 et
253 1296 321 1334 debet.
348 1296 349 1299 ’

207 1380 227 1421 2)
242 1379 274 1417 Ex
288 1381 352 1417 dictis
366 1381 468 1424 sequitur,
481 1369 504 1417 ut
518 1382 600 1417 actibus
614 1392 671 1417 mere
685 1381 818 1418 naturalibus
832 1377 896 1418 horno
910 1391 953 1416 non

129 1453 198 1495 possit
209 1453 303 1495 positive
316 1463 338 1489 se
350 1463 481 1496 praeparare
494 1453 522 1489 ad
536 1453 669 1502 assequenda
683 1453 720 1489 illa
733 1453 814 1489 auxilia
829 1455 954 1495 supernatu-

129 1525 194 1560 ralia:
211 1535 279 1567 neque
295 1525 374 1561 mereri
389 1535 414 1560 ea
429 1527 500 1567 potest
516 1535 584 1568 neque
599 1524 692 1567 positive
709 1524 735 1561 ad
751 1536 776 1561 ea
792 1536 814 1561 se
831 1524 954 1567 disponere.

129 1595 223 1633 Haecin
237 1597 286 1639 ipsa
299 1597 355 1633 thesi
369 1597 412 1633 iam
425 1596 517 1639 probata
531 1600 589 1641 sunt;
605 1607 655 1633 nam
669 1596 793 1633 huiusmodi
809 1599 868 1633 actus
883 1599 954 1633 essent

128 1668 241 1712 salutares;
259 1668 362 1704 salutares
379 1671 438 1704 actus
456 1671 526 1704 autern
543 1671 592 1704 sunt
610 1668 682 1704 stricte
701 1669 884 1712 supernaturales3
903 1677 953 1711 ergo

128 1739 256 1776 naturaliter
267 1730 427 1783 impossibiles.
446 1740 481 1777 Sic
499 1740 529 1776 -ad
547 1740 640 1783 primam
658 1741 748 1783 gratiam
768 1741 953 1782 supernaturalem

100 1818 102 1820 “
129 1812 188 1848 nulla
201 1812 290 1848 omnino
305 1811 398 1848 habetur
412 1811 550 1855 praeparatio
565 1811 668 1855 positiva;
686 1823 734 1848 cum
750 1812 818 1854 gratia
833 1815 904 1848 tamen
921 1823 953 1848 su-

128 1883 262 1926 pernaturali
275 1887 361 1926 receptu
374 1883 453 1921 deinde
464 1883 529 1921 homo
541 1886 612 1926 potest
623 1887 644 1920 et
656 1884 719 1921 debet
729 1895 768 1926 per
780 1887 839 1920 actus
850 1885 953 1921 salutares

130 1966 152 1992 se
165 1966 295 1998 praeparare
311 1956 338 1992 ad
352 1955 404 1992 alias
419 1955 499 1999 gratias
514 1955 623 1999 usquead
638 1955 707 1998 ipsam
722 1956 879 1992 assecutionem
894 1955 954 1992 iusti-

128 2026 243 2064 ficationis.
952 2025 954 2028 ’

210 2110 230 2152 3)
245 2110 349 2148 Precibus
363 2110 498 2148 naturalibus
513 2111 582 2154 gratia
597 2112 709 2154 impetrari
726 2122 769 2148 non
787 2114 863 2154 potest.
880 2111 953 2149 Oratio

130 2182 279 2225 impetratoria
300 2185 332 2221 est
351 2182 428 2226 petitio
449 2182 601 2220 decentiuma
620 2183 672 2220 Deo.
693 2182 800 2226 Supponit
822 2183 954 2220 desiderium

130 2254 189 2297 boni,
201 2254 259 2298 quod
270 2266 281 2290 a
292 2255 337 2291 Deo
349 2256 491 2298 exspectatur.
503 2254 580 2291 Petitio
593 2257 624 2292 est
633 2255 722 2298 proprie
734 2254 880 2292 manifestatio
890 2255 954 2292 huius

132 2310 242 2369 desiderii,
256 2330 276 2363 et
289 2338 314 2364 eo
327 2327 375 2370 ipso
389 2326 536 2363 manifestatio
549 2326 651 2370 propriae
664 2326 806 2371 indigentiae
821 2327 916 2370 appellat
928 2327 955 2364 ad

131 2494 226 2533 quoniam
241 2503 275 2532 per
290 2493 353 2525 solam
368 2494 457 2526 nativam
472 2493 589 2526 facultatem
603 2493 727 2532 intelligendi
741 2496 760 2526 et
775 2494 854 2526 volendi
869 2493 956 2532 perfecta

129 2554 218 2586 redditur
231 2554 335 2586 rationalis
348 2555 449 2585 creaturae
462 2554 580 2586 substantia.
593 2553 660 2586 Nihilo
673 2555 742 2586 tamen
752 2554 819 2587 minus
830 2553 955 2586 considerata

130 2616 152 2645 ut
165 2616 194 2646 est
206 2614 270 2651 imago
283 2614 323 2651 Dei,
338 2617 356 2646 et
368 2609 480 2652 'comparate
494 2614 519 2646 ad
531 2613 626 2646 ultimum
638 2613 702 2652 finem,
717 2624 728 2646 a
741 2623 779 2653 quo
794 2614 872 2646 divulsa
885 2614 955 2646 incidit

130 2675 150 2705 in
164 2682 262 2706 summam
275 2674 381 2712 miseriam,
396 2673 499 2712 oportebat
512 2677 534 2707 ut
548 2674 695 2712 supernaturali
707 2673 820 2706 divinorum
834 2674 954 2707 auxiliorum

131 2734 248 2766 fulcimento
266 2736 392 2766 ornaretur».
410 2734 485 2766 Ibidem
504 2733 544 2767 564.
