<?xml version="1.0" encoding="UTF-8"?>
<!DOCTYPE html PUBLIC "-//W3C//DTD XHTML 1.0 Transitional//EN"
    "http://www.w3.org/TR/xhtml1/DTD/xhtml1-transitional.dtd">
<html xmlns="http://www.w3.org/1999/xhtml" xml:lang="en" lang="en">
 <head>
  <title>
</title>
<meta http-equiv="Content-Type" content="text/html;charset=utf-8" />
  <meta name='ocr-system' content='tesseract 3.04.00' />
  <meta name='ocr-capabilities' content='ocr_page ocr_carea ocr_par ocr_line ocrx_word'/>
</head>
<body>
  <div class='ocr_page' id='page_1' title='image "./MN41638ucmf_6_0414.png"; bbox 0 0 1952 3093; ppageno 0'>
   <div class='ocr_carea' id='block_1_1' title="bbox 451 71 572 110">
    <p class='ocr_par' dir='ltr' id='par_1_1' title="bbox 451 71 572 110">
     <span class='ocr_line' id='line_1_1' title="bbox 451 71 572 110; baseline -0.008 0"><span class='ocrx_word' id='word_1_1' title='bbox 451 71 572 110; x_wconf 66' lang='lat'><strong>-384-</strong></span> 
     </span>
    </p>
   </div>
   <div class='ocr_carea' id='block_1_2' title="bbox 92 183 967 1464">
    <p class='ocr_par' dir='ltr' id='par_1_2' title="bbox 92 183 920 376">
     <span class='ocr_line' id='line_1_2' title="bbox 146 183 920 231; baseline 0.004 -10"><span class='ocrx_word' id='word_1_2' title='bbox 146 183 252 222; x_wconf 61' lang='lat' dir='ltr'>clamans</span> <span class='ocrx_word' id='word_1_3' title='bbox 271 185 297 220; x_wconf 84' lang='lat' dir='ltr'>XI</span> <span class='ocrx_word' id='word_1_4' title='bbox 317 186 428 223; x_wconf 85' lang='lat' dir='ltr'>damnavit</span> <span class='ocrx_word' id='word_1_5' title='bbox 447 198 531 224; x_wconf 88' lang='lat' dir='ltr'>errores</span> <span class='ocrx_word' id='word_1_6' title='bbox 550 187 651 231; x_wconf 83' lang='lat' dir='ltr'>Quesnel:</span> <span class='ocrx_word' id='word_1_7' title='bbox 675 186 726 223; x_wconf 83' lang='lat'><strong>«26.</strong></span> <span class='ocrx_word' id='word_1_8' title='bbox 745 186 821 223; x_wconf 87' lang='lat' dir='ltr'>Nullae</span> <span class='ocrx_word' id='word_1_9' title='bbox 841 187 920 224; x_wconf 82' lang='lat' dir='ltr'>dantur</span> 
     </span>
     <span class='ocr_line' id='line_1_3' title="bbox 92 256 919 302; baseline 0.006 -11"><span class='ocrx_word' id='word_1_10' title='bbox 92 256 173 298; x_wconf 83' lang='lat' dir='ltr'>gratiae</span> <span class='ocrx_word' id='word_1_11' title='bbox 189 256 232 293; x_wconf 91' lang='lat' dir='ltr'>nisi</span> <span class='ocrx_word' id='word_1_12' title='bbox 246 267 287 301; x_wconf 88' lang='lat' dir='ltr'>per</span> <span class='ocrx_word' id='word_1_13' title='bbox 301 257 377 296; x_wconf 86' lang='lat' dir='ltr'>tidem.</span> <span class='ocrx_word' id='word_1_14' title='bbox 390 281 419 286; x_wconf 90' lang='lat'>—-</span> <span class='ocrx_word' id='word_1_15' title='bbox 432 259 465 296; x_wconf 86' lang='lat'>27.</span> <span class='ocrx_word' id='word_1_16' title='bbox 481 259 545 296; x_wconf 86' lang='lat' dir='ltr'>Fides</span> <span class='ocrx_word' id='word_1_17' title='bbox 560 262 592 296; x_wconf 86' lang='lat' dir='ltr'>est</span> <span class='ocrx_word' id='word_1_18' title='bbox 605 258 676 302; x_wconf 89' lang='lat' dir='ltr'>prima</span> <span class='ocrx_word' id='word_1_19' title='bbox 690 258 759 302; x_wconf 87' lang='lat' dir='ltr'>gratia</span> <span class='ocrx_word' id='word_1_20' title='bbox 774 261 795 295; x_wconf 92' lang='lat' dir='ltr'>et</span> <span class='ocrx_word' id='word_1_21' title='bbox 810 256 859 296; x_wconf 81' lang='lat' dir='ltr'>fons</span> <span class='ocrx_word' id='word_1_22' title='bbox 875 269 919 296; x_wconf 90' lang='lat' dir='ltr'>om-</span> 
     </span>
     <span class='ocr_line' id='line_1_4' title="bbox 92 329 919 376; baseline 0.006 -11"><span class='ocrx_word' id='word_1_23' title='bbox 92 329 153 366; x_wconf 91' lang='lat' dir='ltr'>nium</span> <span class='ocrx_word' id='word_1_24' title='bbox 167 329 265 368; x_wconf 85' lang='lat' dir='ltr'>aliarum.</span> <span class='ocrx_word' id='word_1_25' title='bbox 280 354 307 358; x_wconf 78' lang='lat'>—</span> <span class='ocrx_word' id='word_1_26' title='bbox 321 331 354 369; x_wconf 80' lang='lat'>29.</span> <span class='ocrx_word' id='word_1_27' title='bbox 367 331 434 370; x_wconf 82' lang='lat' dir='ltr'><strong>Extra</strong></span> <span class='ocrx_word' id='word_1_28' title='bbox 447 331 567 370; x_wconf 84' lang='lat' dir='ltr'>Ecclesiam</span> <span class='ocrx_word' id='word_1_29' title='bbox 582 332 641 370; x_wconf 88' lang='lat' dir='ltr'>nulla</span> <span class='ocrx_word' id='word_1_30' title='bbox 655 331 784 370; x_wconf 83' lang='lat' dir='ltr'><strong>conceditur</strong></span> <span class='ocrx_word' id='word_1_31' title='bbox 798 331 919 376; x_wconf 52' lang='lat' dir='ltr'>gratiam.</span> 
     </span>
    </p>

    <p class='ocr_par' dir='ltr' id='par_1_3' title="bbox 93 402 967 1464">
     <span class='ocr_line' id='line_1_5' title="bbox 145 402 920 453; baseline 0.005 -15"><span class='ocrx_word' id='word_1_32' title='bbox 145 402 199 440; x_wconf 86' lang='lat' dir='ltr'>Prus</span> <span class='ocrx_word' id='word_1_33' title='bbox 212 404 248 441; x_wconf 81' lang='lat' dir='ltr'>IX:</span> <span class='ocrx_word' id='word_1_34' title='bbox 263 403 383 442; x_wconf 87' lang='lat' dir='ltr'>«Ceterum</span> <span class='ocrx_word' id='word_1_35' title='bbox 395 409 460 449; x_wconf 84' lang='lat' dir='ltr'>prout</span> <span class='ocrx_word' id='word_1_36' title='bbox 471 406 567 442; x_wconf 86' lang='lat' dir='ltr'>caritatis</span> <span class='ocrx_word' id='word_1_37' title='bbox 580 405 635 442; x_wconf 88' lang='lat' dir='ltr'>ratio</span> <span class='ocrx_word' id='word_1_38' title='bbox 648 406 749 453; x_wconf 85' lang='lat' dir='ltr'>postulat,</span> <span class='ocrx_word' id='word_1_39' title='bbox 762 405 860 442; x_wconf 87' lang='lat' dir='ltr'>assiduas</span> <span class='ocrx_word' id='word_1_40' title='bbox 873 406 920 443; x_wconf 88' lang='lat' dir='ltr'>tun-</span> 
     </span>
     <span class='ocr_line' id='line_1_6' title="bbox 94 474 967 525; baseline 0.003 -15"><span class='ocrx_word' id='word_1_41' title='bbox 94 474 169 511; x_wconf 87' lang='lat' dir='ltr'>damus</span> <span class='ocrx_word' id='word_1_42' title='bbox 185 486 269 519; x_wconf 88' lang='lat' dir='ltr'><strong>preces,</strong></span> <span class='ocrx_word' id='word_1_43' title='bbox 286 479 310 513; x_wconf 89' lang='lat' dir='ltr'>ut</span> <span class='ocrx_word' id='word_1_44' title='bbox 327 488 409 520; x_wconf 88' lang='lat' dir='ltr'>omnes,</span> <span class='ocrx_word' id='word_1_45' title='bbox 427 488 587 521; x_wconf 89' lang='lat' dir='ltr'>quaquaversus</span> <span class='ocrx_word' id='word_1_46' title='bbox 604 480 677 520; x_wconf 82' lang='lat' dir='ltr'>gentes</span> <span class='ocrx_word' id='word_1_47' title='bbox 696 478 724 514; x_wconf 89' lang='lat' dir='ltr'>ad</span> <span class='ocrx_word' id='word_1_48' title='bbox 741 477 851 514; x_wconf 81' lang='lat' dir='ltr'><strong>Christum</strong></span> <span class='ocrx_word' id='word_1_49' title='bbox 869 488 920 515; x_wconf 90' lang='lat' dir='ltr'>con-</span> <span class='ocrx_word' id='word_1_50' title='bbox 965 522 967 525; x_wconf 27' lang='grc' dir='ltr'>Ι</span> 
     </span>
     <span class='ocr_line' id='line_1_7' title="bbox 93 548 920 595; baseline 0.005 -12"><span class='ocrx_word' id='word_1_51' title='bbox 93 549 210 593; x_wconf 79' lang='lat' dir='ltr'>vertantur,</span> <span class='ocrx_word' id='word_1_52' title='bbox 228 548 382 594; x_wconf 82' lang='lat' dir='ltr'>communique</span> <span class='ocrx_word' id='word_1_53' title='bbox 399 549 512 587; x_wconf 90' lang='lat' dir='ltr'>hominum</span> <span class='ocrx_word' id='word_1_54' title='bbox 530 549 594 587; x_wconf 89' lang='lat' dir='ltr'>saluti</span> <span class='ocrx_word' id='word_1_55' title='bbox 610 560 650 594; x_wconf 88' lang='lat' dir='ltr'>pro</span> <span class='ocrx_word' id='word_1_56' title='bbox 667 549 751 587; x_wconf 89' lang='lat' dir='ltr'>viribus</span> <span class='ocrx_word' id='word_1_57' title='bbox 768 548 920 595; x_wconf 83' lang='lat' dir='ltr'>inserviamus,</span> 
     </span>
     <span class='ocr_line' id='line_1_8' title="bbox 94 621 920 668; baseline 0.002 -10"><span class='ocrx_word' id='word_1_58' title='bbox 94 631 162 665; x_wconf 91' lang='lat' dir='ltr'>neque</span> <span class='ocrx_word' id='word_1_59' title='bbox 181 622 239 659; x_wconf 92' lang='lat' dir='ltr'>enim</span> <span class='ocrx_word' id='word_1_60' title='bbox 256 621 382 661; x_wconf 87' lang='lat' dir='ltr'>abbreviata</span> <span class='ocrx_word' id='word_1_61' title='bbox 399 628 430 661; x_wconf 90' lang='lat' dir='ltr'>est</span> <span class='ocrx_word' id='word_1_62' title='bbox 448 634 524 665; x_wconf 86' lang='lat' dir='ltr'>manus</span> <span class='ocrx_word' id='word_1_63' title='bbox 541 623 629 661; x_wconf 88' lang='lat' dir='ltr'>Domini</span> <span class='ocrx_word' id='word_1_64' title='bbox 637 627 661 667; x_wconf 85' lang='lat'>⁵⁰,</span> <span class='ocrx_word' id='word_1_65' title='bbox 680 623 804 668; x_wconf 81' lang='lat' dir='ltr'>gratiaeque</span> <span class='ocrx_word' id='word_1_66' title='bbox 821 623 920 661; x_wconf 83' lang='lat' dir='ltr'>caelestis</span> 
     </span>
     <span class='ocr_line' id='line_1_9' title="bbox 95 694 920 740; baseline 0.002 -9"><span class='ocrx_word' id='word_1_67' title='bbox 95 694 151 731; x_wconf 88' lang='lat' dir='ltr'>dona</span> <span class='ocrx_word' id='word_1_68' title='bbox 165 704 301 739; x_wconf 85' lang='lat' dir='ltr'>nequaquam</span> <span class='ocrx_word' id='word_1_69' title='bbox 313 696 358 732; x_wconf 88' lang='lat' dir='ltr'>illis</span> <span class='ocrx_word' id='word_1_70' title='bbox 373 697 473 733; x_wconf 83' lang='lat' dir='ltr'>defutura</span> <span class='ocrx_word' id='word_1_71' title='bbox 487 699 542 740; x_wconf 86' lang='lat' dir='ltr'>sunt,</span> <span class='ocrx_word' id='word_1_72' title='bbox 556 697 592 740; x_wconf 88' lang='lat' dir='ltr'>qui</span> <span class='ocrx_word' id='word_1_73' title='bbox 607 696 648 733; x_wconf 84' lang='lat' dir='ltr'>hac</span> <span class='ocrx_word' id='word_1_74' title='bbox 661 697 709 733; x_wconf 87' lang='lat' dir='ltr'>luce</span> <span class='ocrx_word' id='word_1_75' title='bbox 724 696 819 733; x_wconf 88' lang='lat' dir='ltr'>recreari</span> <span class='ocrx_word' id='word_1_76' title='bbox 834 696 920 733; x_wconf 84' lang='lat' dir='ltr'>sincero</span> 
     </span>
     <span class='ocr_line' id='line_1_10' title="bbox 94 765 920 811; baseline 0.004 -10"><span class='ocrx_word' id='word_1_77' title='bbox 94 765 168 802; x_wconf 92' lang='lat' dir='ltr'>animo</span> <span class='ocrx_word' id='word_1_78' title='bbox 181 766 249 803; x_wconf 91' lang='lat' dir='ltr'>velint</span> <span class='ocrx_word' id='word_1_79' title='bbox 262 770 284 804; x_wconf 89' lang='lat' dir='ltr'>et</span> <span class='ocrx_word' id='word_1_80' title='bbox 296 768 426 810; x_wconf 87' lang='lat' dir='ltr'>postulent»</span> <span class='ocrx_word' id='word_1_81' title='bbox 435 772 459 804; x_wconf 73' lang='lat'>⁵1.</span> <span class='ocrx_word' id='word_1_82' title='bbox 471 790 498 795; x_wconf 77' lang='lat'>—</span> <span class='ocrx_word' id='word_1_83' title='bbox 512 767 610 804; x_wconf 86' lang='lat' dir='ltr'>«Notum</span> <span class='ocrx_word' id='word_1_84' title='bbox 624 767 692 804; x_wconf 86' lang='lat' dir='ltr'>Nobis</span> <span class='ocrx_word' id='word_1_85' title='bbox 706 767 811 811; x_wconf 90' lang='lat' dir='ltr'>vobisque</span> <span class='ocrx_word' id='word_1_86' title='bbox 826 770 863 811; x_wconf 90' lang='lat' dir='ltr'>est,</span> <span class='ocrx_word' id='word_1_87' title='bbox 877 778 920 811; x_wconf 87' lang='lat' dir='ltr'>eos,</span> 
     </span>
     <span class='ocr_line' id='line_1_11' title="bbox 93 837 920 885; baseline 0.002 -10"><span class='ocrx_word' id='word_1_88' title='bbox 93 837 131 883; x_wconf 90' lang='lat' dir='ltr'>qui</span> <span class='ocrx_word' id='word_1_89' title='bbox 147 837 274 877; x_wconf 87' lang='lat' dir='ltr'>invincibili</span> <span class='ocrx_word' id='word_1_90' title='bbox 290 840 350 877; x_wconf 88' lang='lat' dir='ltr'>circa</span> <span class='ocrx_word' id='word_1_91' title='bbox 367 840 526 879; x_wconf 88' lang='lat' dir='ltr'>sanctissimam</span> <span class='ocrx_word' id='word_1_92' title='bbox 541 844 637 879; x_wconf 90' lang='lat' dir='ltr'>nostram</span> <span class='ocrx_word' id='word_1_93' title='bbox 652 840 780 885; x_wconf 81' lang='lat' dir='ltr'>religionem</span> <span class='ocrx_word' id='word_1_94' title='bbox 797 839 920 884; x_wconf 81' lang='lat' dir='ltr'>ignorantia</span> 
     </span>
     <span class='ocr_line' id='line_1_12' title="bbox 93 912 920 959; baseline 0.001 -10"><span class='ocrx_word' id='word_1_95' title='bbox 93 912 200 957; x_wconf 82' lang='lat' dir='ltr'>laborant,</span> <span class='ocrx_word' id='word_1_96' title='bbox 219 914 299 958; x_wconf 92' lang='lat' dir='ltr'>quique</span> <span class='ocrx_word' id='word_1_97' title='bbox 318 915 437 951; x_wconf 88' lang='lat' dir='ltr'>naturalem</span> <span class='ocrx_word' id='word_1_98' title='bbox 455 915 523 958; x_wconf 82' lang='lat' dir='ltr'>legem</span> <span class='ocrx_word' id='word_1_99' title='bbox 541 914 629 959; x_wconf 89' lang='lat' dir='ltr'>eiusque</span> <span class='ocrx_word' id='word_1_100' title='bbox 647 916 764 958; x_wconf 85' lang='lat' dir='ltr'>praecepta</span> <span class='ocrx_word' id='word_1_101' title='bbox 782 914 805 950; x_wconf 89' lang='lat' dir='ltr'>in</span> <span class='ocrx_word' id='word_1_102' title='bbox 823 914 920 951; x_wconf 90' lang='lat' dir='ltr'>omnium</span> 
     </span>
     <span class='ocr_line' id='line_1_13' title="bbox 95 984 920 1029; baseline 0 -7"><span class='ocrx_word' id='word_1_103' title='bbox 95 984 199 1022; x_wconf 87' lang='lat' dir='ltr'>cordibus</span> <span class='ocrx_word' id='word_1_104' title='bbox 213 996 225 1022; x_wconf 95' lang='lat' dir='ltr'>a</span> <span class='ocrx_word' id='word_1_105' title='bbox 239 986 284 1023; x_wconf 90' lang='lat' dir='ltr'>Deo</span> <span class='ocrx_word' id='word_1_106' title='bbox 298 986 409 1029; x_wconf 88' lang='lat' dir='ltr'>insculpta</span> <span class='ocrx_word' id='word_1_107' title='bbox 423 987 497 1023; x_wconf 88' lang='lat' dir='ltr'>sedulo</span> <span class='ocrx_word' id='word_1_108' title='bbox 513 989 622 1023; x_wconf 88' lang='lat' dir='ltr'>servantes</span> <span class='ocrx_word' id='word_1_109' title='bbox 638 997 664 1023; x_wconf 88' lang='lat' dir='ltr'>ac</span> <span class='ocrx_word' id='word_1_110' title='bbox 679 987 723 1024; x_wconf 90' lang='lat' dir='ltr'>Deo</span> <span class='ocrx_word' id='word_1_111' title='bbox 738 986 827 1024; x_wconf 88' lang='lat' dir='ltr'>obedire</span> <span class='ocrx_word' id='word_1_112' title='bbox 843 987 920 1029; x_wconf 83' lang='lat' dir='ltr'>parati,</span> 
     </span>
     <span class='ocr_line' id='line_1_14' title="bbox 94 1056 921 1101; baseline 0.002 -9"><span class='ocrx_word' id='word_1_113' title='bbox 94 1056 208 1093; x_wconf 89' lang='lat' dir='ltr'>honestam</span> <span class='ocrx_word' id='word_1_114' title='bbox 224 1061 348 1101; x_wconf 87' lang='lat' dir='ltr'>rectamque</span> <span class='ocrx_word' id='word_1_115' title='bbox 366 1058 433 1094; x_wconf 88' lang='lat' dir='ltr'>vitam</span> <span class='ocrx_word' id='word_1_116' title='bbox 451 1061 521 1101; x_wconf 86' lang='lat' dir='ltr'>agunt,</span> <span class='ocrx_word' id='word_1_117' title='bbox 537 1068 607 1101; x_wconf 85' lang='lat' dir='ltr'>posse,</span> <span class='ocrx_word' id='word_1_118' title='bbox 624 1058 712 1094; x_wconf 88' lang='lat' dir='ltr'>divinae</span> <span class='ocrx_word' id='word_1_119' title='bbox 728 1057 785 1094; x_wconf 90' lang='lat' dir='ltr'>lucis</span> <span class='ocrx_word' id='word_1_120' title='bbox 803 1061 823 1094; x_wconf 90' lang='lat' dir='ltr'>et</span> <span class='ocrx_word' id='word_1_121' title='bbox 840 1057 921 1101; x_wconf 86' lang='lat' dir='ltr'>gratiae</span> 
     </span>
     <span class='ocr_line' id='line_1_15' title="bbox 96 1130 922 1176; baseline 0.001 -10"><span class='ocrx_word' id='word_1_122' title='bbox 96 1132 199 1174; x_wconf 86' lang='lat' dir='ltr'>operante</span> <span class='ocrx_word' id='word_1_123' title='bbox 219 1130 304 1175; x_wconf 85' lang='lat' dir='ltr'>virtute,</span> <span class='ocrx_word' id='word_1_124' title='bbox 325 1134 434 1168; x_wconf 88' lang='lat' dir='ltr'>aeternam</span> <span class='ocrx_word' id='word_1_125' title='bbox 454 1131 556 1176; x_wconf 87' lang='lat' dir='ltr'>consequi</span> <span class='ocrx_word' id='word_1_126' title='bbox 575 1130 648 1175; x_wconf 87' lang='lat' dir='ltr'>vitam,</span> <span class='ocrx_word' id='word_1_127' title='bbox 669 1142 718 1169; x_wconf 92' lang='lat' dir='ltr'>cum</span> <span class='ocrx_word' id='word_1_128' title='bbox 737 1130 801 1175; x_wconf 89' lang='lat' dir='ltr'>Deus,</span> <span class='ocrx_word' id='word_1_129' title='bbox 821 1132 859 1176; x_wconf 88' lang='lat' dir='ltr'>qui</span> <span class='ocrx_word' id='word_1_130' title='bbox 878 1141 922 1168; x_wconf 92' lang='lat' dir='ltr'>om-</span> 
     </span>
     <span class='ocr_line' id='line_1_16' title="bbox 95 1202 922 1248; baseline 0.002 -10"><span class='ocrx_word' id='word_1_131' title='bbox 95 1202 156 1240; x_wconf 93' lang='lat' dir='ltr'>nium</span> <span class='ocrx_word' id='word_1_132' title='bbox 168 1207 257 1248; x_wconf 87' lang='lat' dir='ltr'>mentes,</span> <span class='ocrx_word' id='word_1_133' title='bbox 271 1204 362 1248; x_wconf 87' lang='lat' dir='ltr'>animos,</span> <span class='ocrx_word' id='word_1_134' title='bbox 377 1204 517 1247; x_wconf 85' lang='lat' dir='ltr'>cogitationes</span> <span class='ocrx_word' id='word_1_135' title='bbox 530 1204 658 1248; x_wconf 89' lang='lat' dir='ltr'>habitusque</span> <span class='ocrx_word' id='word_1_136' title='bbox 672 1206 736 1248; x_wconf 87' lang='lat' dir='ltr'>plane</span> <span class='ocrx_word' id='word_1_137' title='bbox 748 1204 850 1247; x_wconf 89' lang='lat' dir='ltr'>intuetur,</span> <span class='ocrx_word' id='word_1_138' title='bbox 864 1214 922 1240; x_wconf 88' lang='lat' dir='ltr'>soru-</span> 
     </span>
     <span class='ocr_line' id='line_1_17' title="bbox 96 1275 922 1320; baseline 0.001 -9"><span class='ocrx_word' id='word_1_139' title='bbox 96 1278 152 1312; x_wconf 86' lang='lat' dir='ltr'>tatur</span> <span class='ocrx_word' id='word_1_140' title='bbox 167 1279 188 1312; x_wconf 92' lang='lat' dir='ltr'>et</span> <span class='ocrx_word' id='word_1_141' title='bbox 203 1276 281 1319; x_wconf 90' lang='lat' dir='ltr'>noscit,</span> <span class='ocrx_word' id='word_1_142' title='bbox 296 1286 336 1318; x_wconf 90' lang='lat' dir='ltr'>pro</span> <span class='ocrx_word' id='word_1_143' title='bbox 353 1287 436 1312; x_wconf 93' lang='lat' dir='ltr'>summa</span> <span class='ocrx_word' id='word_1_144' title='bbox 450 1287 488 1312; x_wconf 84' lang='lat' dir='ltr'>sua</span> <span class='ocrx_word' id='word_1_145' title='bbox 502 1277 598 1314; x_wconf 86' lang='lat' dir='ltr'>bonitate</span> <span class='ocrx_word' id='word_1_146' title='bbox 615 1280 635 1314; x_wconf 90' lang='lat' dir='ltr'>et</span> <span class='ocrx_word' id='word_1_147' title='bbox 651 1276 765 1314; x_wconf 85' lang='lat' dir='ltr'>clementia</span> <span class='ocrx_word' id='word_1_148' title='bbox 779 1275 870 1312; x_wconf 87' lang='lat' dir='ltr'>minime</span> <span class='ocrx_word' id='word_1_149' title='bbox 885 1286 922 1320; x_wconf 88' lang='lat' dir='ltr'>pa-</span> 
     </span>
     <span class='ocr_line' id='line_1_18' title="bbox 96 1346 922 1392; baseline 0 -9"><span class='ocrx_word' id='word_1_150' title='bbox 96 1347 168 1391; x_wconf 89' lang='lat' dir='ltr'>tiatur,</span> <span class='ocrx_word' id='word_1_151' title='bbox 186 1346 311 1391; x_wconf 84' lang='lat' dir='ltr'>quempiam</span> <span class='ocrx_word' id='word_1_152' title='bbox 328 1348 423 1384; x_wconf 86' lang='lat' dir='ltr'>aeternis</span> <span class='ocrx_word' id='word_1_153' title='bbox 441 1348 514 1391; x_wconf 88' lang='lat' dir='ltr'>puniri</span> <span class='ocrx_word' id='word_1_154' title='bbox 532 1348 653 1391; x_wconf 85' lang='lat' dir='ltr'>suppliciis,</span> <span class='ocrx_word' id='word_1_155' title='bbox 671 1349 708 1392; x_wconf 90' lang='lat' dir='ltr'>qui</span> <span class='ocrx_word' id='word_1_156' title='bbox 726 1347 861 1385; x_wconf 86' lang='lat' dir='ltr'>voluntariae</span> <span class='ocrx_word' id='word_1_157' title='bbox 879 1347 922 1383; x_wconf 88' lang='lat' dir='ltr'>cul—</span> 
     </span>
     <span class='ocr_line' id='line_1_19' title="bbox 96 1420 444 1464; baseline 0.003 -6"><span class='ocrx_word' id='word_1_158' title='bbox 96 1431 136 1464; x_wconf 80' lang='lat' dir='ltr'>pae</span> <span class='ocrx_word' id='word_1_159' title='bbox 153 1424 236 1458; x_wconf 83' lang='lat' dir='ltr'>reatum</span> <span class='ocrx_word' id='word_1_160' title='bbox 252 1431 296 1457; x_wconf 90' lang='lat' dir='ltr'>non</span> <span class='ocrx_word' id='word_1_161' title='bbox 314 1420 410 1458; x_wconf 77' lang='lat' dir='ltr'>habeat»</span> <span class='ocrx_word' id='word_1_162' title='bbox 420 1425 444 1460; x_wconf 78' lang='lat'>⁵².</span> 
     </span>
    </p>
   </div>
   <div class='ocr_carea' id='block_1_3' title="bbox 428 1621 584 1659">
    <p class='ocr_par' dir='ltr' id='par_1_4' title="bbox 428 1621 584 1659">
     <span class='ocr_line' id='line_1_20' title="bbox 428 1621 584 1659; baseline 0.006 -1"><span class='ocrx_word' id='word_1_163' title='bbox 428 1621 447 1658; x_wconf 89' lang='lat' dir='ltr'>S.</span> <span class='ocrx_word' id='word_1_164' title='bbox 465 1621 584 1659; x_wconf 75' lang='lat' dir='ltr'>Summum</span> 
     </span>
    </p>
   </div>
   <div class='ocr_carea' id='block_1_4' title="bbox 97 1767 924 2242">
    <p class='ocr_par' dir='ltr' id='par_1_5' title="bbox 97 1767 924 2242">
     <span class='ocr_line' id='line_1_21' title="bbox 151 1767 922 1812; baseline -0.001 -6"><span class='ocrx_word' id='word_1_165' title='bbox 151 1768 171 1806; x_wconf 90' lang='lat' dir='ltr'>S.</span> <span class='ocrx_word' id='word_1_166' title='bbox 188 1768 301 1811; x_wconf 84' lang='lat' dir='ltr'>Scriptura</span> <span class='ocrx_word' id='word_1_167' title='bbox 317 1768 420 1810; x_wconf 85' lang='lat' dir='ltr'>explicite</span> <span class='ocrx_word' id='word_1_168' title='bbox 436 1778 479 1804; x_wconf 91' lang='lat' dir='ltr'>non</span> <span class='ocrx_word' id='word_1_169' title='bbox 496 1768 539 1810; x_wconf 88' lang='lat' dir='ltr'>agit</span> <span class='ocrx_word' id='word_1_170' title='bbox 554 1768 579 1805; x_wconf 90' lang='lat' dir='ltr'>de</span> <span class='ocrx_word' id='word_1_171' title='bbox 595 1771 669 1805; x_wconf 88' lang='lat' dir='ltr'>nostra</span> <span class='ocrx_word' id='word_1_172' title='bbox 685 1767 876 1812; x_wconf 50' lang='lat' dir='ltr'>quaestioneysed</span> <span class='ocrx_word' id='word_1_173' title='bbox 892 1778 922 1810; x_wconf 82' lang='lat' dir='ltr'>ea,</span> 
     </span>
     <span class='ocr_line' id='line_1_22' title="bbox 97 1838 923 1884; baseline -0.002 -7"><span class='ocrx_word' id='word_1_174' title='bbox 97 1850 151 1884; x_wconf 87' lang='lat' dir='ltr'>quae</span> <span class='ocrx_word' id='word_1_175' title='bbox 166 1840 234 1876; x_wconf 88' lang='lat' dir='ltr'>thesis</span> <span class='ocrx_word' id='word_1_176' title='bbox 252 1838 312 1880; x_wconf 87' lang='lat' dir='ltr'>dicit,</span> <span class='ocrx_word' id='word_1_177' title='bbox 330 1839 469 1875; x_wconf 89' lang='lat' dir='ltr'>continentur</span> <span class='ocrx_word' id='word_1_178' title='bbox 484 1840 507 1874; x_wconf 89' lang='lat' dir='ltr'>in</span> <span class='ocrx_word' id='word_1_179' title='bbox 525 1839 624 1876; x_wconf 87' lang='lat' dir='ltr'>doctrina</span> <span class='ocrx_word' id='word_1_180' title='bbox 641 1840 667 1876; x_wconf 87' lang='lat' dir='ltr'>de</span> <span class='ocrx_word' id='word_1_181' title='bbox 683 1840 740 1877; x_wconf 89' lang='lat' dir='ltr'>seria</span> <span class='ocrx_word' id='word_1_182' title='bbox 757 1839 867 1876; x_wconf 88' lang='lat' dir='ltr'>voluntate</span> <span class='ocrx_word' id='word_1_183' title='bbox 883 1839 923 1876; x_wconf 86' lang='lat' dir='ltr'>Dei</span> 
     </span>
     <span class='ocr_line' id='line_1_23' title="bbox 97 1910 923 1955; baseline -0.002 -6"><span class='ocrx_word' id='word_1_184' title='bbox 97 1912 197 1950; x_wconf 82' lang='lat' dir='ltr'>salvifica</span> <span class='ocrx_word' id='word_1_185' title='bbox 216 1910 335 1949; x_wconf 89' lang='lat' dir='ltr'>universali</span> <span class='ocrx_word' id='word_1_186' title='bbox 352 1911 375 1947; x_wconf 93' lang='lat' dir='ltr'>in</span> <span class='ocrx_word' id='word_1_187' title='bbox 393 1911 452 1947; x_wconf 91' lang='lat' dir='ltr'>omni</span> <span class='ocrx_word' id='word_1_188' title='bbox 472 1911 533 1954; x_wconf 87' lang='lat' dir='ltr'>signo</span> <span class='ocrx_word' id='word_1_189' title='bbox 552 1911 692 1949; x_wconf 88' lang='lat' dir='ltr'>antecedente</span> <span class='ocrx_word' id='word_1_190' title='bbox 710 1911 799 1948; x_wconf 83' lang='lat' dir='ltr'>finalem</span> <span class='ocrx_word' id='word_1_191' title='bbox 816 1910 923 1955; x_wconf 89' lang='lat' dir='ltr'>impoeni-</span> 
     </span>
     <span class='ocr_line' id='line_1_24' title="bbox 97 1983 923 2030; baseline -0.004 -6"><span class='ocrx_word' id='word_1_192' title='bbox 97 1986 193 2030; x_wconf 83' lang='lat' dir='ltr'>tentiam,</span> <span class='ocrx_word' id='word_1_193' title='bbox 212 1989 233 2024; x_wconf 92' lang='lat' dir='ltr'>et</span> <span class='ocrx_word' id='word_1_194' title='bbox 250 1986 273 2022; x_wconf 91' lang='lat' dir='ltr'>in</span> <span class='ocrx_word' id='word_1_195' title='bbox 292 1985 392 2022; x_wconf 87' lang='lat' dir='ltr'>doctrina</span> <span class='ocrx_word' id='word_1_196' title='bbox 410 1984 437 2022; x_wconf 89' lang='lat' dir='ltr'>de</span> <span class='ocrx_word' id='word_1_197' title='bbox 455 1983 540 2022; x_wconf 90' lang='lat' dir='ltr'>Christo</span> <span class='ocrx_word' id='word_1_198' title='bbox 564 1985 708 2029; x_wconf 85' lang='lat' dir='ltr'>Redemptore</span> <span class='ocrx_word' id='word_1_199' title='bbox 733 1985 830 2023; x_wconf 91' lang='lat' dir='ltr'>omnium</span> <span class='ocrx_word' id='word_1_200' title='bbox 855 1983 923 2021; x_wconf 92' lang='lat' dir='ltr'>homi-</span> 
     </span>
     <span class='ocr_line' id='line_1_25' title="bbox 98 2045 923 2101; baseline -0.001 -7"><span class='ocrx_word' id='word_1_201' title='bbox 98 2069 150 2095; x_wconf 89' lang='lat' dir='ltr'>num</span> <span class='ocrx_word' id='word_1_202' title='bbox 158 2062 182 2095; x_wconf 71' lang='lat'>⁵³.</span> <span class='ocrx_word' id='word_1_203' title='bbox 199 2058 257 2096; x_wconf 88' lang='lat' dir='ltr'>Haec</span> <span class='ocrx_word' id='word_1_204' title='bbox 276 2058 334 2094; x_wconf 87' lang='lat' dir='ltr'>enim</span> <span class='ocrx_word' id='word_1_205' title='bbox 351 2057 503 2093; x_wconf 87' lang='lat' dir='ltr'>universalitas</span> <span class='ocrx_word' id='word_1_206' title='bbox 521 2068 564 2094; x_wconf 89' lang='lat' dir='ltr'>non</span> <span class='ocrx_word' id='word_1_207' title='bbox 583 2045 673 2101; x_wconf 86' lang='lat' dir='ltr'>adesset,</span> <span class='ocrx_word' id='word_1_208' title='bbox 691 2059 710 2095; x_wconf 90' lang='lat' dir='ltr'>si</span> <span class='ocrx_word' id='word_1_209' title='bbox 720 2059 803 2101; x_wconf 74' lang='lat' dir='ltr'>vingens</span> <span class='ocrx_word' id='word_1_210' title='bbox 821 2049 923 2094; x_wconf 87' lang='lat' dir='ltr'>numerus</span> 
     </span>
     <span class='ocr_line' id='line_1_26' title="bbox 98 2128 924 2171; baseline -0.004 -5"><span class='ocrx_word' id='word_1_211' title='bbox 98 2131 222 2168; x_wconf 80' lang='lat' dir='ltr'>infidelium</span> <span class='ocrx_word' id='word_1_212' title='bbox 237 2130 385 2171; x_wconf 80' lang='lat' dir='ltr'>negativorum</span> <span class='ocrx_word' id='word_1_213' title='bbox 400 2129 498 2164; x_wconf 70' lang='lat' dir='ltr'>exclusus</span> <span class='ocrx_word' id='word_1_214' title='bbox 513 2133 566 2164; x_wconf 83' lang='lat' dir='ltr'>esset</span> <span class='ocrx_word' id='word_1_215' title='bbox 581 2130 606 2165; x_wconf 80' lang='lat' dir='ltr'>ab</span> <span class='ocrx_word' id='word_1_216' title='bbox 622 2130 681 2166; x_wconf 89' lang='lat' dir='ltr'>omni</span> <span class='ocrx_word' id='word_1_217' title='bbox 695 2130 780 2166; x_wconf 81' lang='lat' dir='ltr'>influxu</span> <span class='ocrx_word' id='word_1_218' title='bbox 795 2128 924 2171; x_wconf 84' lang='lat' dir='ltr'>redemptio-</span> 
     </span>
     <span class='ocr_line' id='line_1_27' title="bbox 98 2202 237 2242; baseline 0.007 -2"><span class='ocrx_word' id='word_1_219' title='bbox 98 2204 132 2241; x_wconf 87' lang='lat' dir='ltr'>nis</span> <span class='ocrx_word' id='word_1_220' title='bbox 149 2202 237 2242; x_wconf 82' lang='lat' dir='ltr'>Christi.</span> 
     </span>
    </p>
   </div>
   <div class='ocr_carea' id='block_1_5' title="bbox 146 2347 452 2626">
    <p class='ocr_par' dir='ltr' id='par_1_6' title="bbox 147 2347 332 2383">
     <span class='ocr_line' id='line_1_28' title="bbox 147 2347 332 2383; baseline 0.027 -8"><span class='ocrx_word' id='word_1_221' title='bbox 147 2353 165 2375; x_wconf 67' lang='lat' dir='ltr'>ro</span> <span class='ocrx_word' id='word_1_222' title='bbox 177 2350 230 2382; x_wconf 87' lang='lat' dir='ltr'>Denz</span> <span class='ocrx_word' id='word_1_223' title='bbox 244 2347 291 2383; x_wconf 79' lang='lat'><strong>1376</strong></span> <span class='ocrx_word' id='word_1_224' title='bbox 306 2357 332 2380; x_wconf 75' lang='lat' dir='ltr'>ss.</span> 
     </span>
    </p>

    <p class='ocr_par' dir='ltr' id='par_1_7' title="bbox 146 2409 271 2448">
     <span class='ocr_line' id='line_1_29' title="bbox 146 2409 271 2448; baseline 0.008 -7"><span class='ocrx_word' id='word_1_225' title='bbox 146 2413 165 2436; x_wconf 70' lang='lat'>⁵⁰</span> <span class='ocrx_word' id='word_1_226' title='bbox 177 2409 197 2442; x_wconf 86' lang='lat' dir='ltr'>Is</span> <span class='ocrx_word' id='word_1_227' title='bbox 211 2409 240 2448; x_wconf 83' lang='lat'>59,</span> <span class='ocrx_word' id='word_1_228' title='bbox 254 2410 271 2442; x_wconf 88' lang='lat'>1.</span> 
     </span>
    </p>

    <p class='ocr_par' dir='ltr' id='par_1_8' title="bbox 147 2469 298 2505">
     <span class='ocr_line' id='line_1_30' title="bbox 147 2469 298 2505; baseline -0.007 -1"><span class='ocrx_word' id='word_1_229' title='bbox 147 2476 165 2497; x_wconf 71' lang='lat'>⁰1</span> <span class='ocrx_word' id='word_1_230' title='bbox 177 2471 230 2505; x_wconf 91' lang='lat' dir='ltr'>Denz</span> <span class='ocrx_word' id='word_1_231' title='bbox 245 2469 298 2505; x_wconf 84' lang='grc'>1648.</span> 
     </span>
    </p>

    <p class='ocr_par' dir='ltr' id='par_1_9' title="bbox 146 2530 350 2566">
     <span class='ocr_line' id='line_1_31' title="bbox 146 2530 350 2566; baseline 0 -1"><span class='ocrx_word' id='word_1_232' title='bbox 146 2537 165 2559; x_wconf 73' lang='lat'>⁶2</span> <span class='ocrx_word' id='word_1_233' title='bbox 177 2532 231 2566; x_wconf 88' lang='lat' dir='ltr'>Denz</span> <span class='ocrx_word' id='word_1_234' title='bbox 248 2530 301 2565; x_wconf 80' lang='grc'><strong>1677.</strong></span> <span class='ocrx_word' id='word_1_235' title='bbox 347 2550 350 2556; x_wconf 91' lang='lat'>·</span> 
     </span>
    </p>

    <p class='ocr_par' dir='ltr' id='par_1_10' title="bbox 148 2591 452 2626">
     <span class='ocr_line' id='line_1_32' title="bbox 148 2591 452 2626; baseline -0.003 -1"><span class='ocrx_word' id='word_1_236' title='bbox 148 2599 165 2619; x_wconf 68' lang='lat'>52</span> <span class='ocrx_word' id='word_1_237' title='bbox 179 2594 205 2626; x_wconf 85' lang='lat' dir='ltr'>De</span> <span class='ocrx_word' id='word_1_238' title='bbox 221 2594 260 2626; x_wconf 88' lang='lat' dir='ltr'>Deo</span> <span class='ocrx_word' id='word_1_239' title='bbox 277 2602 316 2624; x_wconf 87' lang='lat' dir='ltr'>uno</span> <span class='ocrx_word' id='word_1_240' title='bbox 332 2602 360 2623; x_wconf 88' lang='lat' dir='ltr'>nr.</span> <span class='ocrx_word' id='word_1_241' title='bbox 377 2591 411 2623; x_wconf 76' lang='grc'>436</span> <span class='ocrx_word' id='word_1_242' title='bbox 428 2601 452 2624; x_wconf 76' lang='lat' dir='ltr'>ss,</span> 
     </span>
    </p>
   </div>
   <div class='ocr_carea' id='block_1_6' title="bbox 0 0 989 3093">
    <p class='ocr_par' dir='ltr' id='par_1_11' title="bbox 0 0 989 3093">
     <span class='ocr_line' id='line_1_33' title="bbox 0 0 989 3093; baseline 0 0"><span class='ocrx_word' id='word_1_243' title='bbox 0 0 989 3093; x_wconf 95' lang='lat' dir='ltr'> </span> 
     </span>
    </p>
   </div>
  </div>
 </body>
</html>
