1952 3093
459 62 580 101 -150-

107 195 161 229 quae
173 184 238 221 nullis
248 184 430 227 praecedentibus
441 180 524 221 meritis
535 183 604 221 datur.
616 183 672 227 Quid
684 182 742 221 enim
751 182 831 221 hahere
842 188 933 226 possunt

107 256 160 293 honi
172 256 244 292 meriti
256 255 395 298 peccatores?
408 255 450 292 Sed
462 266 502 293 nec
513 256 562 299 ipsa
573 254 673 292 remissio
684 257 823 298 peccatorum
836 254 883 291 sine
896 256 933 293 ali-

107 338 150 372 quo
163 328 240 364 merito
253 330 290 370 est,
304 327 322 363 si
335 327 388 364 fides
401 327 458 364 hanc
470 328 578 371 impetrat.
591 326 665 371 Neque
679 326 737 363 enim
749 327 832 364 nullum
846 329 878 363 est
891 337 932 364 me-

108 400 173 437 ritum
184 400 242 443 fidei,
255 410 297 444 qua
308 398 350 437 fide
364 400 400 437 1110
415 399 511 438 dicebat:
526 399 625 443 Domine,
637 398 746 443 propitius
758 402 804 437 esto
817 398 872 436 mihi
884 409 933 443 pee-

109 472 186 517 catori3
202 476 222 510 et
237 472 349 509 descendit
363 472 491 510 iustificatus
505 472 582 509 merito
596 471 667 509 fidelis
680 471 815 515 humilitatis,
830 471 933 516 quoniam

107 544 144 589 qui
158 555 179 581 se
191 544 297 589 humiliat,
311 544 492 582 exaltabitursaa
504 567 531 572 —
544 556 555 580 «
564 543 648 582 Scimus
660 546 731 581 autem
743 544 794 588 quia
807 546 932 588 peccatores

108 617 164 654 Deus
180 628 224 654 non
241 616 307 663 audit,
323 620 363 655 eto.
379 616 455 654 Adhuc
473 617 575 654 inunctus
591 616 688 661 loquitur
707 616 754 658 (sel.
771 615 863 659 caecus).
878 615 932 655 Nam

109 692 129 726 et
139 692 265 732 peccatores
276 689 365 727 exaudit
375 689 439 727 Deus.
451 689 472 726 Si
484 689 542 726 enim
553 692 679 732 peccatores
690 689 747 726 Deus
759 699 803 727 non
815 688 933 734 exaudiret,

110 761 190 798 trustra
203 761 240 799 ille
254 760 384 804 publicanus
398 761 472 798 oculos
487 761 510 796 in
524 764 603 797 terram
620 761 734 798 demittens
748 764 768 797 et
782 763 858 804 pectus
873 771 934 798 suum

108 833 233 876 percutiens
249 832 341 870 diceret:
358 833 456 875 Domine,
470 833 579 876 propitius
593 836 638 870 esto
652 832 707 869 mihi
720 832 837 875 peccatori.
852 831 879 869 Et
892 833 934 870 ista

110 904 219 941 confessio
234 904 313 941 meruit
327 904 508 947 iustificationem‚
524 904 632 948 quomodo
648 905 688 941 iste
705 915 781 941 caecus
795 904 946 960 illuminatio--

111 978 212 1013 neman.
227 976 252 1012 In
267 985 367 1013 concrum
381 985 509 1012 rnrnanrruo
521 975 596 1012 Patres
612 976 710 1019 negando
725 976 827 1012 meritum
840 985 884 1012 non
900 986 935 1013 vo—

110 1048 197 1085 luerunt
210 1048 324 1086 excludere
336 1048 436 1085 meritum
450 1047 476 1084 de
490 1057 591 1091 congruo,
604 1051 627 1085 ut
640 1059 665 1085 ex
677 1047 769 1085 historia
783 1049 872 1091 apparet
880 1047 935 1084 ³⁷bis,

158 1169 225 1208 Aliqui
238 1168 325 1206 theologi
338 1169 446 1207 disputant,
460 1171 527 1201 utrum
540 1171 595 1201 actus
606 1168 695 1206 proxime
709 1170 728 1200 et
741 1168 854 1201 immediate
866 1167 891 1200 ad
905 1168 934 1201 iu-

110 1229 254 1267 stificationem
266 1228 372 1267 disponens
385 1229 412 1261 sit
425 1238 447 1261 ec
460 1228 504 1267 ipsa
515 1228 579 1269 qratia
592 1228 696 1261 habituali.
708 1228 759 1261 Haec
772 1228 880 1273 disputatio
893 1237 934 1261 ma-

111 1290 164 1321 xime
176 1292 221 1322 orta
234 1291 263 1322 est
277 1289 302 1321 ob
314 1291 391 1321 textum
406 1289 493 1328 aliquem
508 1289 607 1321 difficilem
622 1300 636 1322 s.
649 1289 767 1328 Thomaeae,
782 1298 840 1328 quern
853 1288 892 1327 ipsi
906 1289 935 1321 di-

112 1349 183 1388 scipuli
198 1360 212 1382 s.
227 1349 313 1382 Thomae
327 1350 404 1382 diverso
418 1349 477 1381 modo
492 1349 597 1389 explicant.
624 1349 776 1381 nilluartaa
791 1349 829 1382 ait:
847 1348 935 1382 «Mirum

112 1410 196 1442 fortasse
212 1409 313 1441 videbitur
327 1410 430 1448 theologos
446 1409 467 1440 in
484 1409 600 1448 explicanda
614 1408 651 1442 hac
666 1409 780 1442 difficultate
797 1409 826 1441 ita
841 1409 936 1442 desudare

113 1473 132 1502 et
146 1470 240 1509 torqueri,
255 1478 300 1501 cnm
315 1469 353 1507 ipsi
367 1470 470 1501 fateantur
483 1479 525 1502 esse
539 1469 602 1507 magis
616 1469 715 1507 subtilem,
731 1479 791 1507 quam
805 1469 882 1501 utilem.
897 1468 935 1502 Nos

113 1530 186 1568 itaque,
199 1530 233 1568 qui
247 1529 356 1561 utilitatem
369 1529 438 1567 magis,
451 1538 511 1567 quarn
524 1529 656 1561 subtilitatem
670 1531 773 1568 sectamur,
785 1529 851 1561 varias
865 1528 901 1561 hac
914 1530 936 1561 de

113 1599 133 1621 re
145 1590 253 1621 sententias
265 1589 352 1621 breviter
364 1598 490 1628 exponemus,
503 1591 522 1621 et
534 1589 607 1621 iudicio
620 1589 699 1621 lectoris
711 1589 855 1627 permittemus.
868 1589 937 1628 ltaque

114 1650 166 1681 inter
178 1649 317 1682 dissentientes
332 1650 368 1681 hac
382 1649 403 1680 in
416 1651 472 1687 parte
486 1648 588 1687 theologos
604 1649 685 1687 qnidam
701 1648 768 1681 dicunt
781 1649 817 1681 has
833 1648 936 1681 ulteriores

112 1710 136 1742 ad
145 1710 230 1747 gratiam
239 1709 363 1741 habitualem
375 1708 515 1748 dispositiones
524 1719 566 1742 esse
577 1708 664 1742 effective
676 1708 700 1741 ab
711 1708 786 1742 auxilio
798 1709 871 1742 actuali
881 1711 935 1742 tran-

112 1771 192 1802 seunter
202 1769 353 1802 communicato.
364 1770 395 1802 lta
406 1779 429 1801 ex
441 1769 543 1802 thomistis
554 1769 637 1802 Ioannes
648 1780 659 1802 a
671 1780 686 1802 s.
696 1769 777 1809 Thoma‚
790 1769 874 1809 Sylvius,
886 1769 934 1802 Con-

112 1833 183 1863 100100
201 1840 246 1863 00111
262 1830 354 1869 pluribus
372 1830 477 1862 extraneis.
496 1830 580 1869 Quidam
597 1830 665 1863 dicunt
683 1840 725 1863 esse
743 1830 831 1863 effective
850 1829 875 1863 ab
892 1830 936 1870 ipsa

113 1891 177 1929 gratia
191 1890 297 1923 habituali.
312 1890 343 1923 lta
358 1891 425 1929 Gonot,
442 1890 498 1923 Serra
512 1893 530 1922 et
547 1890 588 1923 alii.
604 1890 687 1930 Utrique
702 1891 811 1924 sententiae
827 1891 895 1923 favere
907 1892 936 1923 vi-

113 1952 171 1983 detur
181 1960 195 1983 s.
208 1951 293 1983 lh0mas
305 1952 324 1983 01
334 1951 381 1983 hinc
392 1953 476 1989 augetur
486 1951 596 1983 difficultas.
608 1951 674 1984 Tertia
686 1952 789 1990 sententia,
802 1961 852 1990 quae
862 1953 936 1984 utram-

113 2021 150 2051 que
160 2012 265 2043 conciliare
274 2011 347 2043 nititur
355 2011 403 2043 dicit
412 2011 449 2043 hos
458 2014 513 2044 actus
523 2011 594 2044 ultimo
604 2011 730 2051 disponentes
742 2011 766 2044 ad
776 2011 936 2044 iustificationem

115 2081 157 2104 esse
169 2058 256 2104 effective
270 2082 281 2104 a
294 2071 367 2104 virtute
380 2072 449 2104 infusa
461 2072 550 2104 caritatis
563 2074 581 2104 et
594 2072 734 2110 poenitentiae,
748 2082 787 2104 uon
801 2074 938 2111 permanenter

113 2142 148 2171 per
160 2133 241 2164 modum
253 2131 340 2170 habitus,
354 2132 388 2164 sed
400 2134 527 2164 transeunter
539 2141 574 2170 per
586 2133 666 2164 modurn
681 2131 764 2164 actualis
780 2132 850 2164 auxilii
863 2135 882 2164 01
895 2141 936 2164 rno-

114 2192 175 2224 tionis
191 2192 341 2225 communicata.
359 2192 390 2224 Ita
405 2191 514 2224 novissime
530 2191 690 2230 sapientissimus
707 2194 775 2225 noster
791 2192 892 2225 Goudin».
910 2192 937 2224 Dc

114 2253 150 2284 hac
162 2253 277 2291 quaestione
287 2255 306 2284 et
317 2254 382 2284 mente
393 2262 407 2284 s.
419 2252 505 2284 Thomae
515 2252 560 2284 vide
570 2252 636 2291 Pesch,
648 2253 664 2290 5,
675 2252 718 2289 3603
732 2252 806 2291 8101101,
818 2253 840 2285 D.
851 2252 937 2284 Thomae

116 2312 205 2344 doctrina
217 2312 240 2344 de
251 2312 290 2344 Deo
302 2314 396 2350 operante
407 2312 441 2344 223
453 2321 487 2350 ss.;
501 2312 570 2350 Lange,
581 2311 615 2344 343
627 2322 652 2344 ss.

163 2485 181 2507 ³6
194 2482 255 2521 Epist.
269 2482 308 2519 194,
320 2481 336 2520 3,
349 2482 368 2520 9;
380 2482 414 2514 ML
426 2481 454 2519 33,
467 2481 510 2520 877;
522 2482 540 2513 R
551 2481 602 2513 1451,

164 2545 181 2567 31
195 2543 215 2574 ln
233 2542 313 2574 loannis
329 2549 395 2580 evang.
411 2544 467 2574 tract.
483 2542 512 2581 44,
528 2542 559 2579 13;
576 2542 609 2574 ML
625 2542 653 2581 35,
671 2542 724 2580 1718;
743 2542 759 2574 11
775 2542 829 2580 1827;
847 2542 871 2574 01.
887 2541 938 2574 1446.

163 2604 211 2630 :een
224 2603 307 2640 amere,
320 2590 369 2634 nite.
383 2602 405 2634 ue
418 2602 484 2634 Theoi.
497 2603 524 2641 10,
539 2602 571 2634 140
584 2612 609 2634 ss.

163 2666 179 2687 :rs
194 2663 210 2695 S.
223 2662 258 2694 Th.
270 2662 286 2699 1,
300 2662 315 2700 2,
329 2672 346 2701 q.
360 2663 393 2695 113
407 2673 423 2695 a.
436 2662 446 2694 8
460 2663 484 2695 ad
496 2663 512 2695 2.

163 2727 180 2747 ³⁹
194 2724 221 2755 De
231 2723 300 2761 gratia,
314 2722 359 2755 diss.
373 2722 383 2755 7
395 2725 430 2755 art.
444 2722 503 2755 414.
