1952 3093
386 72 506 110 -273-

36 200 131 238 diversae
142 195 246 232 honitatis
257 194 352 232 moral-is.
365 195 440 233 Utrum
451 194 543 232 sufficiat
554 195 582 231 ad
592 194 700 237 meritum,
712 194 731 230 si
742 203 786 230 nou
796 193 859 230 adest

35 271 121 310 libertas
138 266 243 310 exercitii,
259 266 304 303 sola
319 266 408 304 libertas
425 266 593 310 specificationis
611 266 668 302 inter
685 268 745 302 actus
762 265 858 302 eiusdem

36 339 137 381 honitatis
152 338 247 383 moralis,
266 337 397 382 disputatur;
415 339 453 374 sed
468 337 545 375 melius
561 337 647 374 videtur
664 337 792 380 negandum,
808 337 858 380 quia

37 422 77 451 non
95 412 191 455 apparet,
209 399 318 454 quomodo
335 410 358 446 in
377 409 414 447 tali
431 409 581 453 suppositione
599 410 664 446 homo
682 419 758 446 revera
776 408 801 445 de
820 418 858 445 suo

37 484 103 531 possit
115 481 199 528 aliquid
210 482 347 520 tribuerem
360 482 451 526 Proprie
464 464 588 519 meritorius
601 484 632 519 est
644 492 684 524 per
695 493 717 519 se
729 481 787 518 sotus
799 483 858 518 actus

37 556 158 599 voluntatis,
175 565 224 592 nam
240 555 276 592 ille
291 555 349 593 solus
366 559 396 592 est
413 555 545 592 intrinsecus
560 554 615 592 liber
632 558 652 591 et
668 554 763 597 moralis,
781 553 859 599 reliqui

28 633 94 668 -actus
109 629 178 665 solum
192 628 326 664 extrinsecus
342 628 398 664 etin
415 638 453 664 sua
468 627 613 671 dependentia
627 627 653 664 ab
669 630 717 664 actu
732 627 858 670 voluntatis;

37 701 73 740 sed
84 702 144 744 patet
156 703 215 736 actus
229 703 329 737 externos
342 710 405 742 posse
419 709 496 743 augere
509 699 608 735 meritum
623 710 654 740 eo,
667 700 725 742 quod
739 702 816 741 augent
827 699 859 735 in-

37 773 155 812 tensitatem
171 775 192 809 et
205 771 341 808 durationem
356 775 416 808 actus
431 772 519 809 interni.

90 844 149 881 «Per
162 843 202 880 Dei
216 844 306 886 gratiam
322 848 342 880 et
357 844 404 879 Iesu
420 842 501 880 Christi
515 844 616 879 meritum
625 854 647 878 »ε
664 843 762 886 Propriis
776 843 859 879 viribus

38 916 115 953 nostris
134 914 268 952 naturalibus
286 915 368 951 nullum
388 914 487 951 meritum
506 914 595 957 proprie
615 914 696 950 dictum
715 915 773 957 apud
792 914 859 951 Deum

10 1039 13 1043 ¹
37 987 148 1031 habemus;
164 989 208 1023 tota
223 985 358 1030 possibilitas
373 986 471 1023 merendi
486 988 518 1023 est
533 997 559 1023 ex
573 986 642 1030 gratia
657 986 737 1028 divina,
753 996 807 1030 quae
824 996 860 1022 no-

38 1059 69 1098 bis
82 1058 210 1097 conceditur
223 1061 314 1103 propter
326 1060 426 1096 meritum
442 1058 529 1102 Christi,
544 1062 564 1095 et
579 1059 610 1096 sic
624 1062 692 1096 totum
706 1061 803 1096 nostrum
818 1070 860 1096 me-

38 1133 100 1170 ritum
118 1131 261 1169 essentialiter
278 1130 382 1169 fundatur
400 1135 419 1168 et
437 1132 544 1175 dependet
562 1143 572 1168 a
591 1131 667 1168 merito
685 1130 772 1169 Christi.
790 1131 861 1168 <Cum

38 1204 94 1241 enim
105 1204 142 1241 ille
153 1203 200 1246 ipse
214 1203 312 1241 Christus
324 1204 382 1240 Iesus
396 1207 504 1248 tamquam
518 1209 583 1247 caput
595 1205 617 1240 in
632 1204 729 1241 membra
735 1205 764 1230 ³²³³
776 1207 861 1241 ettam·

39 1286 100 1320 quam
115 1275 165 1312 vitis
180 1275 203 1310 in
218 1274 318 1318 palmites
326 1279 353 1300 iat
366 1276 389 1312 in
404 1275 464 1318 ipsos
478 1275 604 1313 iustificatos
619 1276 697 1319 iugiter
713 1276 814 1312 virtutem
829 1276 861 1311 in-

38 1346 93 1390 fluat,
109 1357 163 1391 quae
180 1347 248 1383 virtus
265 1347 322 1384 hona
339 1357 413 1384 eorum
430 1357 496 1390 opera
513 1357 598 1390 semper
613 1348 728 1391 antecedit,
746 1347 862 1384 comitatur

39 1421 58 1454 et
71 1418 213 1462 subsequitur,
228 1422 248 1455 et
261 1418 308 1455 sine
320 1429 362 1462 qua
375 1418 435 1455 nullo
447 1422 511 1462 pacto
523 1418 568 1456 Deo
582 1422 642 1462 grata
657 1422 677 1455 et
691 1419 802 1456 meritoria
815 1429 861 1455 esse

39 1493 136 1532 possent:
152 1489 208 1525 nihil
220 1490 275 1533 ipsis
289 1489 410 1527 iustificatis
424 1490 517 1533 amplius
532 1490 605 1527 deesse
621 1491 753 1527 censendum
766 1493 797 1526 est
811 1501 862 1534 quo-

39 1563 127 1599 minus...
143 1562 288 1606 promeruisse
303 1564 451 1600 censeantur>
461 1565 493 1598 1³⁵.

92 1634 164 1671 «Vere
181 1638 305 1672 meretura:
327 1635 383 1678 Quid
401 1635 428 1671 sit
444 1636 544 1672 meritum
561 1636 692 1679 explicatum
710 1639 742 1672 est
758 1645 806 1679 pag.
824 1636 861 1673 135

40 1717 65 1742 ss.
76 1705 182 1750 Meritum,
194 1707 220 1743 de
231 1718 273 1751 quo
283 1707 325 1744 hoc
337 1708 385 1745 loco
397 1708 515 1744 concilium
526 1707 628 1751 loquitur,
640 1707 805 1751 intelligendum
816 1718 862 1745 esse

40 1778 138 1815 meritum
156 1778 181 1815 de
197 1780 306 1823 condigno
323 1780 392 1816 elucet
409 1782 453 1816 tum
471 1791 496 1816 ex
514 1779 562 1823 ipsa
578 1780 670 1817 historia
687 1766 820 1817 definitionis
829 1783 862 1820 ¹³⁶.

21 1865 23 1868 v
41 1851 83 1885 tum
94 1860 120 1886 ex
133 1850 188 1893 ipsis
200 1850 282 1893 verbis;
295 1861 344 1887 nam
358 1861 408 1888 uere
422 1852 500 1888 mereri
515 1855 545 1888 est
558 1862 621 1888 sensu
635 1852 726 1894 proprio
740 1852 825 1894 mereri,
839 1852 862 1887 id

40 1921 95 1963 quod
109 1922 153 1958 diei
167 1932 211 1958 non
225 1925 296 1965 potest
310 1922 336 1959 de
350 1922 427 1959 merito
441 1923 467 1960 de
482 1932 586 1968 congru03
602 1923 653 1960 citat
668 1923 785 1960 concilium
798 1924 863 1960 verba

41 1990 59 2027 S.
72 1991 133 2029 Pauli
147 1993 172 2029 de
185 2003 266 2030 corona
279 2003 291 2029 a
305 1994 380 2031 «iusto
394 1994 486 2030 iudice»
501 1994 612 2031 reddenda
620 1996 657 2038 ³³⁷3
670 1995 770 2031 meritum
785 1997 862 2035 autem.

41 2063 74 2098 cui
87 2061 204 2107 respondet
217 2075 299 2101 merces
312 2076 337 2101 ex
349 2065 432 2102 iustitia
445 2069 476 2102 est
488 2066 588 2102 meritum
603 2066 628 2102 de
642 2066 758 2109 condigno.

90 2135 119 2174 Ut
130 2147 185 2180 opus
197 2136 285 2181 aliquod
296 2137 324 2173 sit
334 2137 469 2174 meritorium
483 2138 508 2175 de
520 2138 629 2181 condigno
641 2139 759 2182 requiritur
770 2125 863 2183 aequali-

42 2208 72 2243 tas
84 2207 141 2245 inter
154 2219 207 2252 opus
221 2213 241 2246 et
252 2210 379 2252 praemium,
392 2210 450 2253 quod
463 2210 582 2253 praemium
597 2222 622 2247 ex
636 2210 718 2247 iustitia
733 2210 779 2248 dari
795 2211 863 2253 debet,

40 2306 181 2316 Ἢ

88 2373 114 2395 1³²
127 2372 154 2403 De
167 2371 203 2402 hac
217 2372 351 2410 disputatione
364 2373 388 2404 cf.
403 2372 493 2411 uipaida,
507 2373 534 2404 De
548 2376 592 2405 ente
605 2373 759 2412 supernaturali,
772 2374 821 2413 disp.
836 2373 864 2412 tr,

43 2432 86 2460 sect.
97 2431 113 2462 3.
125 2431 152 2463 De
165 2431 223 2469 Lego,
234 2432 261 2463 De
272 2421 416 2466 lucarnatione,
427 2432 476 2470 disp.
488 2432 515 2469 26,
526 2436 571 2464 secr.
584 2433 611 2471 10,
623 2443 652 2465 nr.
665 2433 699 2465 136
710 2444 724 2466 s.

89 2494 115 2515 1³³
128 2490 170 2530 Eph
182 2492 198 2529 t,
209 2493 225 2523 5.
642 2486 644 2488 ’

88 2551 148 2583 13410
161 2551 189 2589 15,
202 2553 218 2583 5.

90 2612 115 2635 ¹³⁵
129 2611 185 2643 Cone.
198 2612 243 2644 trid.
256 2621 297 2650 cap.
311 2613 341 2649 16;
355 2613 406 2645 Denz
420 2614 460 2645 809.

89 2672 115 2695 ¹3⁸
129 2670 211 2711 rurore,
222 2671 272 2704 Dict.
286 2673 308 2703 de
320 2672 387 2705 Theoi.
401 2673 428 2710 10,
443 2673 526 2705 735-761.

90 2734 115 2755 ra:
130 2732 140 2764 2
154 2731 197 2764 'lim
211 2732 227 2766 t.
243 2733 259 2764 8.

89 2863 183 2898 Lusum.
195 2883 219 2888 —
231 2866 258 2898 De
271 2866 339 2899 Gratia
352 2867 494 2905 Redemptoris.
