1952 3093
347 22 348 25 Ἰ
412 55 534 93 -353-

53 183 98 210 eam
113 173 169 210 entis
182 154 275 211 absoluti
287 174 358 211 ideam
373 178 474 219 statuunt,
489 186 530 220 qua
545 176 687 214 coexistentia
701 171 784 214 entium
799 178 882 214 contin-

51 245 148 289 gentium
162 243 308 283 excludatur»
317 249 341 284 ⁷⁶.
866 245 868 248 ’

40 319 41 323 ’
104 317 126 356 Si
134 318 223 356 tandem
234 318 325 357 dicitur:
338 320 422 364 modus,
431 331 473 364 quo
485 331 534 358 cum
544 322 779 365 praedeterminatione
790 322 883 366 physica

53 391 182 428 concilietur
195 390 290 434 libertas,
305 395 337 429 est
350 393 484 437 mysterium,
499 394 676 438 respondendum
691 397 733 432 est:
750 395 769 438 1)
783 394 825 432 hoc
838 405 883 439 my⁴

53 463 142 501 sterium
154 464 211 501 Deus
223 464 301 502 nullibi
314 465 423 509 revelavit,
437 466 475 504 sed
487 469 519 504 est
531 466 659 510 figmentum
672 467 736 505 huius
749 468 881 512 systematis3

53 536 156 580 mysteria
171 540 242 574 autem
257 537 366 575 credimus
379 538 424 576 Deo
440 539 551 582 revelanti,
565 550 608 577 non
624 539 724 583 theologo
738 540 772 577 vel
787 539 882 584 philoso-

53 609 97 652 pho
113 609 223 655 opinanti3
238 609 259 652 2)
276 620 319 647 non
337 610 423 648 videtur
440 622 486 648 esse
504 612 637 655 mysterium,
654 612 693 650 sed
708 612 782 657 potius
798 607 883 650 contra-

54 681 131 725 dictio;
147 693 207 719 nam:
224 682 290 720 relate
303 683 331 739 ad
344 683 403 721 idem
417 684 440 720 in
454 684 528 721 eodem
544 686 605 728 signo
620 695 667 722 esse
681 680 848 722 determinatum
863 688 883 721 et

53 754 244 792 indeterminatum
259 758 309 793 sunt
326 755 503 794 contradictoria.
878 751 880 753 ’

47 881 48 884 ¹
107 826 162 871 Ergo
177 827 229 866 licet
243 828 349 872 quaedam
364 828 387 865 in
402 828 444 866 hoc
458 809 573 872 systemate
588 829 729 873 explicentur,
745 830 796 874 quia
810 833 881 867 tamen

47 902 130 937 contra
144 900 217 943 plures
233 900 341 944 veritates,
356 900 382 938 de
397 901 475 945 quibus
491 904 550 939 certo
564 905 654 946 constat,
670 902 770 939 videatur
785 901 892 956 offendes

54 983 83 1016 re,
97 972 257 1010 admittendum
268 983 311 1010 non
325 976 366 1017 est;
381 983 430 1017 ergo
444 973 546 1011 efficacia
558 974 639 1017 gratiae
652 984 695 1011 non
709 977 739 1011 est
752 973 882 1017 explicanda

54 1055 92 1098 per
107 1043 364 1088 praedeterminationem
378 1045 499 1089 physicam.

54 1262 74 1300 ll.
88 1263 166 1304 systema
177 1264 332 1306 numinensium.

107 1381 210 1418 Defendit
223 1383 444 1425 praedestinationem
457 1383 484 1419 ad
497 1383 588 1426 gloriam
602 1382 700 1426 praecise
713 1385 821 1425 sumptam
833 1384 882 1419 ante

54 1454 155 1496 praevisa
172 1454 255 1491 merita.
272 1454 463 1492 «Praenestinatio
481 1455 509 1491 ad
526 1453 617 1497 gloriam
634 1453 747 1497 praecedit
764 1453 882 1497 praedesti·

54 1526 164 1564 nationem
180 1526 207 1563 ad
222 1520 365 1570 gratiamur.
379 1526 418 1563 His
433 1526 589 1570 «heneplacito
604 1526 722 1563 voluntatis
737 1536 788 1563 suae
803 1526 882 1563 consti-

55 1599 95 1637 tuit
110 1599 209 1636 conferre
224 1599 288 1636 talem
302 1599 399 1643 gratiam,
412 1599 466 1643 quae
482 1598 683 1642 concupiscentiam
696 1599 761 1636 etiam
775 1599 798 1635 in
813 1598 883 1642 bapti-

55 1672 107 1708 zatis
123 1674 270 1708 remanentem
286 1672 313 1708 ad
328 1672 408 1708 luctam
424 1671 552 1715 praesertim
568 1671 590 1707 in
608 1674 703 1708 extrema
719 1671 776 1708 vitae
791 1671 882 1714 periodo
932 1685 937 1693 ·

55 1744 164 1788 reprimat,
178 1744 208 1780 ita
221 1747 244 1780 ut
257 1743 354 1780 finaliter
367 1746 512 1786 perseverent,
527 1747 547 1780 et
559 1743 680 1780 efficaciter
693 1742 841 1786 perducantur
855 1743 882 1779 ad
915 1768 917 1770 -

55 1816 164 1858 gloriam»
174 1819 198 1852 1³.
219 1815 304 1860 Reliqui
325 1820 375 1853 sunt
393 1816 491 1859 negative
513 1815 629 1859 reprobati.
650 1815 800 1858 «Reprobatio
821 1825 883 1857 nega-

53 1888 98 1925 tiva
114 1899 174 1941 suam
191 1873 293 1932 exparte
310 1887 398 1935 reprobi
416 1899 513 1925 caussam
529 1888 600 1930 hahet,
617 1898 695 1931 nempe
710 1887 817 1931 originale
833 1898 881 1930 pec-

54 1963 125 1998 catum
134 1974 151 1997 ».
167 1961 205 1997 His
221 1961 297 1997 «Deus
313 1960 419 1997 donorum
433 1971 520 1997 suorum
534 1960 640 1997 Dominus
655 1960 724 1996 noluit
739 1962 820 1995 tantam
836 1968 881 2008 graf

54 2033 106 2070 tiam
121 2033 253 2077 impertire»
269 2035 371 2077 quantam
385 2032 553 2085 praedestinatis
561 2035 584 2068 19.

109 2104 165 2142 «Est
182 2105 232 2148 ergo
249 2106 321 2159 gratia
336 2104 451 2141 sufficiens
469 2115 533 2141 sensu
549 2104 683 2141 Thomistico
702 2114 726 2141 ac
745 2106 819 2141 nostro
837 2103 881 2145 illa,

53 2188 107 2220 atrae
121 2179 156 2215 dat
168 2189 238 2221 posse,
251 2188 293 2213 non
306 2177 369 2221 velle;
383 2180 418 2213 aut
430 2177 448 2213 si
462 2176 497 2213 dat
508 2176 568 2220 velle,
581 2176 640 2212 istud
651 2175 705 2212 adeo
718 2178 750 2212 est
760 2174 881 2212 invalidum

55 2254 117 2295 atque
133 2250 292 2293 imperfectum,
307 2252 330 2285 ut
345 2248 453 2286 desideria
477 2248 549 2285 carnis
572 2248 681 2284 contraria
705 2246 881 2290 concupiscentis

53 2331 96 2359 non
115 2323 195 2364 vincat,
213 2321 256 2358 nisi
274 2320 439 2364 superveniente
457 2319 624 2363 flagrantissima
642 2323 661 2356 et
680 2318 831 2361 potentissima
847 2329 881 2374 ca·

54 2423 198 2430 —---——-—

59 2496 61 2499 ’
105 2494 122 2516 16
135 2491 205 2529 Lange,
219 2490 247 2522 De
261 2489 326 2528 gratia
339 2498 368 2522 nr.
383 2488 423 2522 641.
592 2517 593 2520 ,
835 2517 837 2520 .

105 2554 122 2577 tt
136 2550 195 2589 Berti,
209 2549 237 2583 De
250 2548 366 2588 theologicis
381 2547 499 2587 disciplinis,
515 2547 548 2580 lib.
562 2548 573 2580 6
586 2557 627 2586 cap.
643 2548 653 2579 4
669 2557 703 2585 ss.;
719 2547 748 2579 ed.
763 2546 818 2579 Rom.
833 2545 884 2583 1739,

57 2612 105 2643 tom.
118 2611 127 2643 1
141 2612 185 2650 pag.
199 2609 240 2644 430.

106 2674 123 2697 ⁷⁸
137 2670 178 2704 Lib.
191 2671 202 2704 6
215 2680 256 2710 cap.
268 2670 300 2708 18;
314 2677 357 2709 pag.
371 2669 410 2711 509.

106 2734 124 2757 ⁷⁹
137 2730 217 2764 ibidem.

104 2862 198 2896 cenum.
209 2880 234 2886 -
246 2862 274 2894 De
286 2861 354 2894 Gratia
367 2861 511 2901 Redemptor-ta.
