1952 3093
437 96 558 133 -218-

84 218 262 261 pernaturalitate
278 218 382 262 gratuitas
398 218 462 255 huius
478 219 554 255 auxilii
571 219 665 256 derivari
681 229 720 261 per
736 230 759 256 se
774 229 817 255 nou
834 222 910 262 potest.

84 289 126 328 Sed
140 290 247 327 auxilium
263 291 375 328 entitative
392 292 489 329 naturale
506 294 577 334 potest
592 302 639 328 esse
654 291 776 328 indebitum
792 291 911 328 secundum

84 362 179 406 modum,
193 373 235 406 quo
250 363 372 400 confertur:
388 363 494 400 auxilium
506 364 671 407 supernaturale
685 364 804 401 secundum
817 363 877 407 quid,
892 367 912 400 et

84 434 137 472 hinc
150 446 202 472 vera
216 436 291 479 gratia.
306 435 363 472 Deus
378 437 463 473 confert
478 436 542 473 talem
557 436 739 473 illuminationem
753 435 875 473 intellectus
891 440 912 472 et

84 508 149 544 talem
161 507 330 550 inspirationem
345 509 467 552 voluntatis,
480 509 554 552 quales
567 508 605 545 suh
619 508 727 546 concretis
741 508 911 545 circumstantiis

85 590 125 623 per
138 590 225 617 cursum
239 581 360 617 naturalem
374 591 487 618 causarum
501 580 632 617 naturalium
647 591 691 617 non
705 580 846 624 haberentur;
861 589 911 623 ergo

85 654 171 694 praeter
183 662 320 688 communem
332 655 352 689 et
363 652 499 689 ordinarium
511 663 598 689 cursum
609 655 698 689 naturae
710 653 758 689 illas
770 651 912 696 cogitationes

86 727 107 760 et
122 724 277 761 inclinationes
296 724 412 761 voluntatis
430 724 496 769 indit,·
513 727 564 761 sunt
582 734 631 768 ergo
649 724 823 767 supernaturales
840 724 912 768 quoad

87 796 176 833 modum
189 799 210 833 et
224 797 255 833 ita
269 796 387 834 indebitae.
403 796 455 834 Cum
470 797 578 841 quidquid
593 796 657 834 habet
672 797 778 835 rationem
793 796 874 840 gratiae
889 797 913 833 in

86 869 197 910 praesenti
209 868 287 905 ordine
300 880 326 905 ex
340 869 423 905 meritis
435 868 516 906 Christi
529 869 660 913 conteratur,
674 869 723 906 illae
736 880 821 913 quoque
834 869 913 906 illumi-

86 940 186 976 nationes
195 940 318 977 intellectus
328 945 349 978 et
359 940 514 984 inspirationes
525 941 641 978 voluntatis
653 945 702 977 sunt
713 952 763 978 rere
773 941 841 983 gratia
854 940 914 978 Chri-

88 1012 115 1048 sti
130 1011 289 1055 Redemptoris.

122 1179 124 1182 y
136 1145 217 1176 Suarez:
232 1144 282 1177 «Est
296 1152 339 1182 ergo
351 1144 399 1177 haec
411 1144 479 1182 motio,
493 1147 514 1176 ut
526 1144 558 1176 hic
570 1144 655 1176 breviter
667 1138 780 1182 dicam,'vel
791 1143 914 1176 illuminatio

88 1205 207 1242 intellectus,
226 1215 266 1243 qua
283 1205 354 1236 melius
374 1208 392 1237 et
411 1204 483 1237 fortius
501 1207 660 1242 repraesentatur
678 1204 783 1243 obiectum,
802 1213 862 1244 quam
881 1214 915 1243 per

87 1274 212 1296 communem
227 1274 306 1297 cursum
321 1274 425 1297 causarum
440 1265 509 1307 possit,
526 1265 556 1296 vel
571 1267 637 1296 motus
654 1265 727 1303 aliquis
743 1265 858 1302 voluntatis,
876 1274 914 1303 quo

88 1325 139 1356 Deus
153 1325 202 1356 facit
216 1334 296 1356 suavem
310 1324 366 1356 illam
381 1324 521 1362 resistentiam,
534 1324 566 1356 vel
579 1327 638 1356 terret
653 1324 677 1356 ah
691 1325 726 1356 illo
741 1324 800 1361 malo,
815 1327 837 1356 nt
850 1326 915 1371 Augu-

88 1385 153 1416 stinus
165 1384 216 1416 dixit
228 1385 248 1416 in
262 1384 331 1416 homil.
344 1384 367 1416 24
380 1387 398 1416 et
412 1384 440 1416 50.
452 1384 497 1416 Dixi
511 1387 577 1416 autem
589 1384 698 1417 motionem
711 1384 753 1416 dari
766 1383 835 1416 debere
847 1385 914 1423 aliquo

89 1446 146 1478 modo
160 1445 338 1484 supernaturalem,
352 1446 400 1484 quia
415 1446 439 1478 ad
453 1445 550 1484 eflectum,
565 1445 587 1477 de
603 1455 641 1484 quo
656 1447 770 1484 tractamus,
784 1455 824 1478 non
839 1454 916 1484 semper

89 1510 118 1539 est
133 1516 217 1545 necesse,
232 1509 254 1538 ut
270 1508 296 1538 sit
310 1506 468 1544 supernaturalis
482 1507 503 1537 in
518 1506 601 1538 entitate
615 1516 657 1544 sua,
673 1508 720 1544 quia
734 1506 814 1538 effectus
830 1516 870 1538 non
886 1511 916 1539 est

90 1568 137 1599 adeo
152 1566 254 1598 excellens.
270 1567 343 1599 Sufficit
358 1575 402 1604 ergo
415 1569 437 1598 ut
451 1567 509 1598 modo
525 1566 671 1605 supernaturali
686 1566 808 1605 eonferatur;
824 1567 916 1599 consistit

90 1630 156 1659 autem
170 1627 205 1657 illc
219 1626 289 1657 modus
304 1626 324 1657 in
339 1627 381 1664 hoc,
395 1626 447 1664 quod
462 1626 515 1664 talis,
530 1636 551 1658 ac
564 1629 621 1658 tanta
635 1626 773 1665 consideratio,
786 1627 817 1659 vel
832 1626 916 1665 allectio,

90 1689 123 1718 aut
137 1686 259 1717 inordinatio
272 1686 292 1717 in
307 1686 343 1718 tali
358 1685 460 1717 occasione
474 1689 493 1717 et
506 1688 579 1723 puncto
593 1686 634 1717 ficri
648 1696 688 1718 nou
703 1689 769 1724 posset
781 1695 816 1724 per
829 1696 916 1718 commu-

89 1757 135 1778 nem
151 1756 230 1779 cursum
245 1746 369 1779 naturalium
386 1755 496 1785 causarum,
511 1746 542 1778 vel
557 1756 592 1785 per
606 1746 715 1778 humanam
731 1745 851 1779 industriam
868 1747 916 1786 eius,

90 1809 124 1847 qui
137 1807 268 1840 tentationem
282 1808 364 1846 patitur,
378 1807 495 1846 comparari.
510 1807 533 1839 Et
547 1807 590 1840 ideo
605 1807 641 1840 illa
654 1808 716 1840 motio
731 1807 791 1840 habet
805 1817 871 1840 veram
886 1818 917 1840 ra-

90 1870 165 1900 ’tionem
181 1869 261 1905 gratiae,
276 1868 393 1906 praesertim
408 1868 424 1899 si
440 1868 497 1899 detur
510 1867 530 1899 in
545 1867 612 1900 ordine
629 1869 653 1900 ad
667 1868 726 1900 finem
739 1869 916 1907 supernaturalem,

90 1930 141 1959 sicut
152 1938 203 1959 nunc
215 1929 290 1960 datur»
297 1931 330 1959 227.

145 2059 176 2096 Ex
191 2072 222 2104 eo,
236 2060 294 2104 quod
309 2059 393 2097 dictum'
406 2063 443 2104 est,
456 2060 561 2097 auxilium
575 2057 705 2097 medicinale
720 2072 763 2097 non
779 2061 856 2098 debere
872 2072 917 2098 esse

92 2133 204 2169 entitatiue
218 2132 387 2176 supernaturale,
403 2142 446 2170 non
461 2133 564 2176 sequitur,
578 2138 600 2171 ut
616 2133 669 2170 illud
683 2144 726 2171 uon
740 2133 809 2176 possit
823 2145 869 2170 esse
884 2134 917 2170 vel

93 2215 136 2241 non
153 2206 180 2241 sit
196 2205 222 2242 de
238 2205 294 2242 iacto
311 2205 422 2242 entitative
438 2206 607 2248 supernaturale.
622 2205 644 2242 Si
660 2209 730 2243 autem
746 2206 826 2243 auxilio
843 2207 918 2242 entita-

92 2277 135 2312 tive
148 2277 307 2319 supernaturali
318 2277 408 2314 tentatio
420 2276 522 2320 vincitur,
535 2281 594 2314 actus
606 2288 649 2314 non
662 2278 731 2314 solum
744 2278 871 2314 naturaliter
881 2278 918 2313 ho-

93 2350 165 2383 nestus
177 2350 214 2390 est,
226 2348 264 2384 sed
277 2348 382 2384 salutaris.
394 2348 425 2385 Ita
437 2348 569 2384 Billotfflb'eg
581 2349 618 2392 qui
629 2349 720 2390 gratiam
733 2350 918 2391 supernaturalem

93 2420 165 2464 quoad
177 2420 265 2456 modum
278 2422 360 2456 tantum
373 2431 416 2457 non
428 2423 489 2463 putat
500 2431 546 2457 esse
559 2420 722 2463 admittendam,
734 2421 772 2458 sed
784 2431 848 2457 omne
861 2420 919 2457 auxi-

93 2492 146 2528 lium
159 2493 239 2535 gratiae
253 2497 326 2530 censet
340 2503 386 2530 esse
401 2493 511 2530 entitatire
527 2493 696 2536 supernaturale.
709 2493 814 2530 Similiter
827 2493 919 2537 Ripalda

94 2565 203 2601 docuerat.
215 2545 337 2601 Secundum
348 2565 401 2601 alios
413 2576 463 2602 tero
475 2565 549 2608 gratia,
561 2576 615 2608 quae
626 2565 725 2602 fidelibus
737 2566 764 2602 ad
775 2566 919 2609 superandam

141 2698 167 2719 22³
182 2696 208 2726 De
222 2696 285 2733 gratia
299 2696 311 2725 l.
324 2697 332 2726 l
345 2705 360 2726 c.
374 2696 396 2727 24
409 2705 438 2727 nr.
450 2697 478 2728 20.

142 2755 199 2782 ertit-ts
213 2756 239 2787 De
252 2756 315 2793 gratia
329 2756 407 2794 Christi,
422 2763 463 2795 pag.
478 2757 499 2788 79
514 2766 539 2788 ss.
