1952 3093
487 23 608 61 -124-

134 150 233 194 nexione,
244 161 309 195 quam
319 151 378 188 istud
391 149 472 187 donum
484 149 611 187 naturaliter
621 149 722 194 postulat,
734 148 815 193 absque
827 147 872 185 ullo
885 148 957 191 lavore

135 233 191 261 novo
207 223 271 266 plane
289 222 397 260 sufficiens
415 225 447 259 est
465 222 493 259 ad
509 222 559 259 illos
576 221 665 259 effectus
683 221 713 258 ita
728 220 842 265 ponendos
859 223 883 256 ut
899 223 956 262 nullo

134 295 199 333 modo
212 295 297 338 possint
310 294 420 338 impediri.
434 293 460 330 Et
474 294 516 331 hoc
529 294 593 331 modo
609 294 671 330 lavor
685 293 718 330 vel
733 292 853 336 acceptatio
869 302 912 329 non
928 300 958 333 est

134 367 196 412 quasi
211 377 262 410 pars
277 367 360 404 formae
376 366 519 413 iustificantis‚
536 366 592 404 sicut
607 366 631 403 in
648 365 714 402 altera
730 365 842 402 sententia.
859 363 958 409 Sequitur

135 439 230 477 secundo
248 439 271 475 in
289 439 359 476 torma
377 438 521 477 constituente
536 438 605 478 filium
621 438 662 475 Dei
679 437 764 474 includi
782 437 886 481 Spiritum
906 437 958 476 divi-

135 522 193 556 num,
209 522 253 549 non
268 512 357 556 quidem
373 512 471 548 inrecto
486 514 510 547 ut
526 510 570 547 dici
584 511 645 554 solet,
660 510 699 547 sed
715 510 738 546 in
754 509 848 553 obliquo.
866 509 921 552 Quia
935 516 957 549 ut

134 584 183 628 quis
199 583 227 620 sit
242 583 299 621 filius
313 583 360 627 Dei,
377 594 420 620 non
438 582 501 620 debet
517 593 564 620 esse
581 582 674 627 Spiritus
691 582 785 625 divinus,
801 584 837 618 aut
853 580 890 618 illo
907 584 957 620 tam·

134 666 198 700 quam
210 655 281 693 torma
292 655 417 700 informari;
431 655 469 691 sed
480 654 543 692 debet
555 655 616 691 illum
627 654 706 691 habere
717 654 875 691 inhabitantem
888 655 909 690 et
919 664 957 697 per

133 727 372 772 gratiamhabitualem
386 727 546 772 quodammodo
561 727 652 770 unitum,
668 727 698 763 ita
713 729 736 763 ut
750 726 805 763 ratio
821 726 919 763 formalis
935 727 957 764 in

133 802 192 837 recto
208 799 343 836 constituens
358 799 465 837 rationem
479 798 519 835 filii
536 799 635 843 adoptivi
652 798 680 835 sit
694 798 774 835 habere
792 809 830 835 seu
845 797 956 840 possidere

133 872 171 909 tali
183 871 255 915 modo,
269 882 346 916 nempe
359 882 400 916 per
411 871 502 915 gratiam
515 871 654 915 habitualem,
668 870 769 914 spiritum
782 870 822 907 Dei
836 869 957 907 inhabitan-

133 947 182 987 tem,
195 954 235 981 sen
246 943 326 981 habere
339 944 430 988 gratiam
443 943 575 980 habitualem
588 946 697 986 tamquam
711 943 803 980 formam
817 941 957 980 intrinsecam

133 1015 244 1053 unientem
260 1015 324 1053 nobis
340 1016 445 1060 Spiritum
463 1015 568 1053 divinum.
583 1016 615 1052 Ita
632 1025 675 1052 non
693 1019 742 1052 sunt
758 1014 812 1052 duae
828 1015 910 1051 formae
926 1014 957 1051 in-

133 1088 241 1125 trinsecae
253 1088 308 1125 etin
320 1091 386 1133 recto,
399 1087 491 1125 seduna
502 1090 591 1131 tantum,
604 1097 658 1132 quae
669 1089 740 1124 tamen
752 1087 846 1124 includit
858 1086 956 1124 ordinem

133 1160 162 1197 ad
173 1159 327 1205 extrinsecam3
341 1159 398 1197 sicut
409 1170 457 1196 cum
470 1159 518 1204 quis
532 1159 612 1197 dicitur
626 1158 686 1196 dives
698 1170 710 1196 a
722 1159 805 1196 divitiis
818 1162 839 1196 et
852 1169 956 1202 aposses-

133 1232 195 1270 sione
211 1231 343 1276 divitiarum,
358 1242 402 1269 non
418 1234 468 1269 sunt
483 1231 537 1269 duae
552 1232 635 1269 formae
648 1231 786 1275 intrinsecae,
802 1230 841 1268 sed
855 1241 899 1267 una
912 1233 956 1267 tan-

132 1307 178 1341 tum
189 1302 265 1341 dicens
275 1303 375 1341 ordinem
387 1303 414 1341 ad
425 1303 578 1349 extrinsecam
588 1307 679 1347 utraque
690 1306 762 1340 tamen
773 1306 806 1341 est
814 1302 957 1340 essentialiter

133 1375 256 1413 necessaria
268 1375 296 1412 ad
309 1376 416 1413 rationem
429 1374 469 1411 filii
483 1375 581 1419 adoptivi
594 1378 659 1419 prout
672 1385 731 1412 nune
745 1375 772 1412 de
784 1375 843 1412 facto
857 1377 878 1411 et
891 1375 956 1411 maxi·

132 1458 166 1485 me
178 1449 322 1484 consentanee
335 1457 407 1484 rerum
420 1449 509 1484 naturae
522 1446 687 1484 constituitur».

187 1518 248 1556 Clare
263 1528 313 1562 ergo
328 1519 370 1556 hoc
384 1519 433 1555 loco
447 1519 533 1555 Lessius
548 1519 625 1556 tribuit
638 1518 719 1562 gratiae
733 1518 884 1562 sanctificanti,
899 1518 956 1562 quod

133 1591 161 1628 sit
173 1601 239 1628 causa
249 1590 348 1639 formalis
359 1590 495 1636 adoptionis;
509 1590 547 1628 sed
558 1591 602 1628 alia
613 1590 696 1628 ratione
709 1601 774 1628 causa
786 1590 884 1628 formalis
897 1590 956 1627 iusti-

131 1648 246 1706 ficationis,
261 1663 304 1700 alia
319 1663 404 1700 ratione
419 1662 550 1705 adoptionis.
566 1662 628 1699 Prius
644 1673 684 1705 per
698 1662 814 1706 physicam
828 1672 888 1699 suam
904 1662 955 1698 enti·

132 1737 204 1777 tatem,
221 1734 330 1778 posterius
348 1737 454 1779 quatenus
473 1734 592 1771 secund-um
611 1734 771 1771 ordinationem
791 1734 889 1771 divinam
908 1744 955 1770 cum

133 1805 216 1850 Spiritu
230 1808 304 1843 sancto
318 1817 358 1843 nos
374 1805 495 1850 coniungit;
509 1815 559 1849 ergo
572 1806 614 1843 hoc
628 1816 712 1850 quoque
726 1806 775 1843 loco
791 1806 853 1843 docet
866 1806 955 1849 gratiam

132 1889 176 1916 non
192 1889 232 1921 per
247 1878 363 1921 physicum
377 1888 439 1915 suum
455 1889 501 1915 esse
518 1888 604 1915 causam
620 1878 733 1915 formalem
749 1889 795 1916 esse
812 1878 955 1916 communica-

132 1949 199 1988 tionis
212 1953 301 1987 naturae
316 1950 403 1987 divinae
418 1952 439 1987 et
453 1949 584 1993 adoptionis.

185 2021 246 2058 Hanc
260 2022 388 2059 sententiam
401 2021 470 2058 Lessii
485 2032 511 2058 ex
524 2025 585 2065 parte
600 2021 668 2059 secuti
683 2024 733 2058 sunt
745 2021 887 2066 Petavius1²⁷‚
901 2021 955 2058 Tho-

132 2093 240 2130 massinus
247 2096 281 2138 1²⁸,
296 2097 316 2131 et
329 2094 411 2131 nostris
422 2093 557 2137 temporibus
571 2093 650 2131 Hurter
657 2097 691 2131 1²⁹.
806 2090 807 2093 ’

186 2165 246 2202 Licet
261 2165 314 2202 haec
331 2165 407 2209 opinio
424 2165 483 2202 nullo
500 2165 565 2202 modo
583 2166 611 2202 sit
627 2168 704 2202 eontra
720 2165 868 2203 definitionem
885 2164 955 2202 conci-

131 2237 156 2273 lii
167 2236 282 2273 tridentini
289 2240 323 2281 1³⁰,
335 2248 379 2275 non
391 2241 462 2274 tamen
474 2225 561 2274 videtur
572 2237 712 2281 admittenda,
723 2241 743 2275 et
752 2237 783 2275 ita
793 2237 888 2281 theologi
900 2247 955 2274 com·

180 2385 206 2405 121
220 2381 247 2412 Ι)6
260 2381 357 2413 Trinitate
371 2382 383 2413 l.
398 2381 408 2413 8
421 2391 436 2413 c.
451 2381 462 2412 4
475 2391 500 2413 ss.

180 2443 206 2466 12⁸
219 2441 247 2473 De
260 2440 399 2474 Incarnatione
413 2440 429 2480 8,
443 2441 453 2474 9
468 2451 493 2473 ss.

180 2504 207 2525 129
221 2500 368 2540 Compendium,
383 2505 430 2534 tom.
445 2501 462 2539 2,
475 2511 504 2533 nr.
519 2501 559 2534 190.

180 2564 207 2586 1³0
221 2561 335 2607 «Nuspiam
354 2564 419 2594 autern
437 2562 574 2593 Tridentinum
595 2561 687 2594 definivit
705 2563 788 2600 gratiam
808 2566 893 2594 croatam
913 2561 957 2593 csti-

133 2632 174 2654 1616
187 2631 223 2654 nos
237 2621 293 2654 filios
306 2622 341 2654 Dei
356 2621 449 2661 praecise,
463 2625 486 2654 ut
500 2625 529 2654 cst
545 2632 578 2655 ens
593 2622 697 2660 physicum
713 2625 731 2654 et
744 2632 790 2661 non,
805 2626 827 2655 ut
843 2626 872 2655 est
887 2622 957 2654 tunda-

133 2683 221 2713 mentum
236 2682 339 2713 relationis
355 2682 379 2713 ad
395 2681 490 2719 Spiritum
507 2682 605 2714 Sanctum.
620 2682 682 2714 Immo
697 2682 737 2714 nisi
753 2683 830 2715 Lessius
846 2683 955 2721 conciperet
