1952 3093
400 12 522 50 -184-

49 135 126 178 officio,
141 139 163 171 ut
179 135 250 178 prima
266 137 327 177 parte
343 145 390 177 cap.
406 134 557 181 praecedentis
573 133 742 170 demonstratum
760 136 800 177 est;
818 136 838 169 al
855 133 873 169 si

49 208 179 250 inspiciatur
190 207 246 250 finis,
260 210 339 250 negant
352 206 477 243 huiusmodi
490 216 544 249 opus
558 205 639 242 honum
654 216 706 248 esse,
720 205 805 242 cumin
819 215 874 241 sum-

48 290 107 316 mum
118 279 199 316 bonum
210 278 299 315 minime
311 278 423 315 referatur.
435 278 496 315 Hanc
508 278 566 315 enim
577 277 725 314 conditionem
737 277 804 321 operi,
816 276 874 321 quod

49 352 108 388 nulla
122 355 220 394 exparte
233 351 332 387 vitiatum
346 350 379 393 sit,
392 350 537 387 necessariam
551 333 597 387 esse
609 352 773 393 propugnant».
809 389 811 391 ,

103 435 153 472 Post
174 435 293 471 discussam
313 434 461 478 quaestionem
483 434 587 477 proponit
607 435 720 476 propriam
741 434 875 477 opinionem,

50 519 104 550 quae
120 511 151 545 est
166 507 237 544 media
252 508 309 543 iuter
325 508 453 544 sententiam
468 507 658 550 Augustinensmm
674 510 694 543 et
710 506 802 543 aliorum
817 505 878 543 theo-¹

49 580 147 623 logorum
156 582 193 615 13¹9:
211 592 221 614 «
230 579 376 616 Adhaeremus
390 579 459 622 priori
478 579 523 618 (sel.
537 579 655 616 sententiae
669 578 875 621 Augustinensium)‚

51 654 155 695 quatenus
168 652 249 687 nullam
262 652 364 688 virtutem
377 662 450 688 veram
462 651 616 694 propriamque
630 650 733 694 agnoscit,
746 660 800 694 quae
815 650 876 687 sistat

51 726 109 762 inre
124 729 201 769 creata,
215 726 318 769 quoniam
330 726 398 762 virtus
411 725 480 762 tendit
494 726 516 761 in
530 725 610 762 honum
625 725 710 769 melius;
725 728 748 761 ut
762 726 824 761 docet
836 724 876 761 Au-

52 801 156 843 gustinus,
173 804 192 837 et
208 801 257 837 idea
273 801 360 837 virtutis
377 803 541 837 commonstrat:
561 801 619 836 nulla
635 803 705 837 autem
722 796 820 836 creatura
835 811 877 836 me-

52 874 95 912 lior
110 878 148 919 est,
162 886 227 919 quam
244 876 271 912 sit
287 886 347 913 mens
363 875 483 913 rationalis.
496 863 603 918 Negamus
619 878 690 912 tamen
706 869 823 919 hominem,
840 870 884 919 qui

53 954 155 993 operatur
173 950 200 987 oh
219 950 325 993 intimam,
344 951 469 994 naturalem,
487 953 508 987 et
525 950 644 993 ingenitam
661 950 733 987 ideam
751 944 877 991 honestatis,

53 1035 97 1061 non
111 1034 173 1067 agere
185 1025 266 1062 honum
279 1025 396 1068 moraliter,
411 1025 448 1061 sed
462 1036 516 1067 opus
529 1025 584 1061 vitio
597 1014 760 1061 labefactatum:
775 1015 878 1067 quoniam

53 1099 131 1136 vitium
145 1110 188 1137 non
203 1103 240 1143 est,
254 1100 296 1136 nisi
310 1111 321 1135 a
335 1100 443 1136 voluntate
459 1100 554 1136 faciendi
568 1100 626 1143 quod
639 1102 696 1136 vetat
711 1110 794 1136 summa
808 1099 845 1135 illa
858 1101 878 1135 et

54 1174 239 1210 incommutabilis
254 1174 288 1210 lex
303 1174 407 1210 veritatis.
423 1174 521 1211 Dicimus
536 1174 592 1210 hanc
609 1174 706 1210 veritatis
721 1174 798 1216 ideam,
815 1176 835 1211 et
850 1174 879 1210 le-

55 1258 102 1291 gem
116 1249 315 1286 incommutabilem
330 1260 374 1285 non
390 1260 436 1287 esse
450 1249 472 1284 in
489 1249 577 1286 homine
592 1250 653 1291 lapso
669 1249 756 1291 penitus
773 1248 879 1291 detritam,

55 1323 147 1367 ideoque
159 1323 269 1360 interdum
282 1323 386 1361 exhihere
399 1323 512 1361 hominum
526 1325 593 1360 menti
606 1334 660 1366 opus
674 1323 820 1367 peragendum
833 1323 880 1360 lici-

55 1402 101 1434 tum
115 1400 177 1442 atque
190 1399 311 1442 honestum,
325 1409 394 1442 neque
406 1399 434 1436 ad
447 1399 489 1436 hoc
502 1398 646 1442 necessariam
661 1410 707 1435 esse
719 1399 810 1442 gratiam
823 1388 880 1440 fidei,

57 1473 102 1509 sive
117 1473 175 1517 quod
190 1473 246 1509 Deus
261 1484 282 1510 se
298 1473 421 1510 manifestet
435 1476 543 1517 tamquam
559 1477 668 1510 auctorem
684 1473 881 1516 supernaturalium

58 1548 171 1585 donorum.
185 1547 328 1585 Concedimus
341 1548 431 1585 virtutes
445 1559 490 1585 esse
502 1548 605 1591 superbas
619 1552 639 1585 et
652 1548 744 1591 inflatas,
757 1548 775 1584 si
787 1548 881 1584 referan-

55 1626 90 1658 tur
106 1622 133 1659 ad
148 1622 237 1666 seipsas,
254 1623 343 1666 scilicet,
360 1623 378 1659 si
394 1626 530 1666 appetantur,
545 1626 567 1659 ut
584 1623 708 1660 conferatur
725 1623 797 1659 animo
815 1622 880 1659 decor

56 1694 203 1731 continentiae
221 1705 245 1730 ac
262 1694 384 1739 probitatis,
400 1695 502 1738 quoniam
519 1697 570 1731 tunc
587 1695 693 1731 humanae
710 1695 791 1738 gloriae
810 1695 881 1731 deser-

57 1767 124 1811 viunt,
140 1769 161 1803 et
177 1766 268 1803 multum
285 1766 366 1803 hahent
382 1766 505 1803 inanitatis:
523 1767 561 1803 sed
579 1776 633 1809 nego
650 1767 728 1803 referri
746 1767 773 1803 ad
791 1767 880 1809 seipsas,

57 1838 75 1874 si
90 1838 142 1874 fiant
157 1840 246 1882 propter
260 1838 379 1881 ingenitam
395 1838 501 1875 rationem
516 1838 645 1883 honestatis;
662 1839 764 1882 quoniam
779 1838 833 1875 haec
849 1849 881 1875 ra-

56 1910 93 1952 tio,
105 1921 154 1946 cum
165 1910 194 1946 sit
202 1920 252 1954 una,
264 1920 353 1953 summa,
364 1914 384 1947 et
394 1910 542 1954 immutabilis,
554 1911 601 1964 ipse
612 1910 669 1948 Deus
681 1913 719 1953 est,
729 1910 806 1947 intime
817 1910 881 1947 nobis

56 1992 166 2026 praesens,
180 1991 225 2018 non
238 1982 326 2026 quidem
341 1986 365 2018 ut
379 1981 601 2025 specialeohiectum,
617 1982 654 2019 sed
668 1986 691 2019 ut
705 1982 835 2018 universalis
850 1993 881 2018 re-

57 2054 105 2096 gula
121 2054 225 2090 veritatis.
239 2054 293 2091 Dico
310 2064 375 2096 opera
391 2053 516 2090 huiusmodi
532 2055 617 2096 regulae
633 2057 784 2102 consentanea,
802 2054 841 2091 etsi
858 2054 880 2089 in

57 2126 125 2162 Deum
140 2136 183 2162 non
198 2125 320 2162 referantur
334 2125 442 2168 explicite,
457 2126 515 2169 quod
529 2126 675 2162 necessarium
690 2129 721 2162 est
735 2129 759 2162 ut
773 2126 801 2162 ad
816 2129 882 2162 aeter-

58 2208 108 2233 nam
124 2197 190 2233 vitam
206 2197 333 2243 perducant,
348 2198 426 2233 referri
443 2197 558 2242 implicite,
576 2208 620 2234 non
637 2198 695 2241 quod
710 2198 830 2235 intrinseca
846 2198 882 2234 ho-

59 2270 116 2305 nitas
131 2269 271 2306 honestorum
286 2280 375 2312 operum
391 2269 462 2312 seipsa
477 2269 583 2306 referatur
598 2270 620 2305 in
635 2280 741 2306 summum
756 2269 844 2313 honum,
859 2269 883 2305 id

60 2341 117 2377 enim
130 2341 276 2377 necessarium
289 2344 309 2378 et
321 2341 418 2378 naturale
430 2344 468 2383 est,
480 2351 524 2378 non
535 2341 634 2385 liberum,
647 2345 668 2378 et
679 2341 770 2386 morale;
784 2342 822 2378 sed
832 2341 883 2385 quia

60 2413 180 2449 intentione
193 2413 260 2449 animi
273 2424 338 2456 opera
351 2413 388 2449 illa
398 2412 451 2449 fiunt
463 2412 490 2449 ob
502 2413 600 2449 intimam
612 2413 680 2456 legem
692 2413 818 2456 honestatis,
829 2423 883 2457 quae

60 2485 166 2527 implicite
179 2488 210 2521 est
221 2484 267 2527 ipse
279 2485 342 2522 Deus.
353 2485 421 2528 Atque
432 2484 474 2521 hoc
485 2485 580 2521 arbitror
591 2484 689 2522 sufficere
701 2485 727 2521 ad
739 2496 793 2528 opus
803 2485 884 2522 bonum

108 2667 135 2689 1³⁴³
149 2665 193 2702 Pag.
207 2664 239 2695 401
253 2674 278 2696 ss.
