1952 3093
480 80 588 117 „32-

125 203 172 238 cata
182 211 231 238 vere
243 200 348 245 delentur,
358 201 423 239 homo
435 200 520 239 interne
533 201 666 247 renovaturl3
680 201 699 244 4)
712 202 769 239 Deus
782 212 847 238 verax
858 212 902 239 non
913 213 949 246 po·

119 277 164 311 test
178 274 288 311 declarare
301 274 336 311 vel
348 278 448 317 reputare
461 275 542 311 iustum
556 286 604 311 eum
618 275 655 318 qui
669 285 718 312 vere
732 275 801 311 iustus
814 285 858 312 non
872 279 910 312 esi.

177 347 262 384 Iustitia
274 358 325 385 vero
338 358 393 392 quae
407 348 438 385 sie
451 347 629 391 communicatur,
642 350 673 385 est
686 347 769 385 iustitia
782 347 828 392 Dei,
842 358 896 392 quae
910 350 950 385 sci-

125 420 176 457 licet
189 431 214 456 ex
225 420 270 457 Deo
284 423 321 464 est,
333 431 387 465 quae
399 421 468 458 Deum
480 420 545 458 hahet
557 423 673 464 auctorem,
686 419 735 457 Phil
749 420 766 464 3,
781 421 791 458 9
813 425 836 458 11.

175 492 193 529 A
201 492 297 530 micus
323 492 376 530 Dei
389 504 393 530 :
421 493 452 530 De
466 493 508 530 hac
523 492 619 530 amicitia
633 493 690 530 inter
703 493 772 530 Deum
787 496 807 529 et
822 494 902 530 iustum
917 494 948 531 fu-

125 566 169 602 sius
183 565 252 609 agitur
265 566 288 602 in
300 568 393 604 tractatu
407 566 433 604 de
447 566 542 603 caritate.

178 638 272 676 Heres
286 640 405 676 secundum
420 649 480 682 spem
495 639 552 676 vitae
566 642 675 676 aeternae:
691 639 727 676 Tit
742 639 760 682 3,
776 640 794 676 7.

495 856 577 893 Parnes

180 1008 260 1045 Textus
273 1009 346 1051 plures
360 1018 387 1044 55.
402 1007 489 1044 Patrum
504 1006 645 1044 inveniuntur
660 1007 718 1049 apud
733 1006 801 1043 Rouet
817 1006 842 1043 de
858 1005 952 1049 JourneL

127 1079 195 1117 Ench.
209 1080 272 1124 Patr„
285 1091 325 1118 ser.
335 1081 382 1124 355,
396 1079 441 1123 356,
455 1080 500 1124 366,
513 1079 558 1123 361,
573 1078 689 1123 exquibus
704 1078 787 1123 aliquos
802 1078 909 1123 eligimus3
925 1079 952 1115 ci.

129 1153 193 1190 etiam
208 1164 262 1197 quae
278 1154 301 1190 in
318 1155 410 1190 tractatu
426 1152 451 1189 de
467 1152 578 1195 Baptismo
596 1155 616 1190 et
633 1152 659 1189 de
676 1151 811 1189 Poenitentia
829 1152 855 1188 de
872 1151 913 1189 hac
930 1162 952 1188 re

129 1229 286 1269 proponuntur.
556 1260 558 1263 Α

179 1297 310 1336 Peccata
329 1298 395 1336 dele
404 1300 474 1335 ntur
486 1310 491 1336 z
501 1298 523 1336 S.
532 1299 648 1337 Iusrmus:
662 1311 673 1336 «
682 1299 704 1338 Si
713 1301 870 1344 paenitentiam
880 1305 949 1345 agant,

129 1381 202 1408 omnes
217 1372 313 1408 volentes
328 1372 413 1415 assequi
426 1360 600 1409 misecicordiam
613 1383 625 1410 a
639 1372 684 1410 Deo
697 1376 795 1418 possunt,
808 1377 829 1411 et
841 1374 915 1411 beatos
930 1375 953 1410 il-

128 1443 160 1480 los
174 1443 282 1487 scriptura
294 1444 407 1488 praedicat
421 1444 507 1481 dicens:
523 1445 600 1482 Beatus
614 1446 649 1482 cui
663 1456 707 1482 non
721 1446 837 1489 imputavit
848 1446 953 1483 Dominus

129 1518 248 1560 peccatum.
267 1516 313 1554 Hoc
332 1520 369 1561 est,
389 1517 407 1554 si
426 1519 565 1561 peccatorum
584 1528 632 1555 eum
651 1518 766 1563 poeniteat,
784 1521 923 1562 peccatorum
943 1530 953 1555 a

129 1589 174 1626 Deo
190 1589 272 1633 accipit
286 1589 444 1633 remissionem,
461 1590 499 1627 sed
516 1600 566 1633 non,
583 1591 639 1628 sicut
654 1590 797 1634 vosmetipsos
816 1591 917 1634 decipitis
935 1594 955 1628 et

131 1662 167 1698 alii
181 1662 270 1706 quidam
285 1663 308 1699 in
323 1662 365 1699 hoc
380 1663 442 1700 vohis
457 1662 545 1707 similes,
561 1663 598 1707 qui
613 1662 694 1707 dicunt,
710 1663 750 1700 etsi
765 1666 890 1707 peccatores
905 1663 954 1706 sint,

131 1734 195 1772 modo
210 1735 279 1771 Deum
294 1735 401 1778 noverint,
417 1745 461 1772 non
476 1735 583 1778 imputare
599 1735 643 1772 illis
657 1735 774 1772 Dominum
790 1738 954 1778 peccatumr12.

131 1806 150 1843 S.
171 1806 325 1845 duousrnms:
349 1807 466 1844 «Dicimus
485 1807 594 1851 baptisma
616 1807 667 1845 dare
689 1808 786 1845 omnium
799 1807 955 1851 indulgentiam

132 1883 276 1923 peccatorum,
292 1884 312 1917 et
326 1881 411 1917 auferre
428 1880 526 1925 crimina,
543 1890 586 1917 non
601 1880 684 1924 radere,
701 1891 741 1917 nec
756 1884 780 1917 ut
795 1880 892 1917 omnium
908 1890 956 1922 pec-

132 1955 228 1989 catorum
243 1952 327 1990 radices
340 1953 363 1988 in
377 1953 433 1990 mala
447 1962 512 1989 carne
526 1955 645 1997 teneantur,
660 1953 721 1997 quasi
735 1963 834 1989 rasorum
848 1952 871 1988 in
886 1952 955 1995 capite

132 2025 267 2068 capillorum,
281 2025 338 2062 unde
355 2028 453 2062 crescant
469 2025 546 2061 iterum
561 2025 679 2062 resecanda
694 2027 835 2068 peccata»1³.
852 2023 956 2060 «Dixisse

131 2108 165 2134 me
178 2096 276 2140 affirmas,
288 2097 347 2142 quod
359 2098 428 2141 gratia
439 2107 483 2134 non
495 2097 591 2140 perfecte
603 2097 714 2134 hominem
728 2106 808 2134 novum
822 2096 894 2134 iaciat.
907 2096 954 2133 Non

131 2169 173 2207 hoc
189 2169 245 2215 dico,
260 2169 347 2207 attende
361 2170 421 2214 quod
435 2169 491 2206 dico.
507 2168 579 2206 Gratia
592 2170 688 2213 perfecte
703 2169 815 2210 hominem
829 2179 910 2206 novum
926 2168 955 2205 fa-

134 2242 172 2286 cit3
189 2242 365 2287 quandoquidem
380 2247 400 2279 et
415 2242 442 2279 ad
458 2242 556 2284 corporis
571 2240 755 2279 immortalitatem
769 2241 897 2285 plenamque
913 2240 957 2277 feli-

135 2314 221 2351 citatem
230 2315 279 2359 ipsa
289 2315 396 2358 perducit.
407 2315 470 2351 Nunc
480 2314 545 2351 etiam
557 2314 652 2356 perfecte
664 2315 753 2351 innovat
764 2313 881 2357 hominem,
893 2322 957 2357 quan-

182 2458 200 2479 n
213 2454 314 2493 Quomodo
328 2453 412 2492 iustitia,
425 2452 539 2486 iustificatio
554 2453 606 2491 apud
617 2462 632 2485 s.
644 2452 728 2485 Paulum
743 2462 754 2484 a
767 2451 870 2485 catholicis
884 2454 903 2484 et
917 2461 959 2483 aca-

135 2514 215 2547 tholicis
229 2514 358 2553 intelligatur,
373 2513 417 2546 vide
431 2513 483 2552 apud
496 2512 566 2552 Lange,
580 2513 608 2545 De
620 2512 690 2551 gratia,
704 2522 733 2544 nr.
748 2512 783 2545 316
797 2522 821 2544 ss.
837 2514 856 2544 et
871 2514 958 2544 auctores

136 2574 163 2607 ibi
180 2574 282 2613 indicatos,
299 2564 350 2607 unde
366 2576 452 2613 apparet,
468 2572 593 2606 lutheranam
610 2573 762 2611 explicationem
779 2572 837 2605 hodie
854 2571 910 2611 quasi
929 2571 958 2603 dc-

138 2635 225 2668 relictam
240 2645 287 2667 esse.
401 2665 403 2669 Α
605 2675 607 2677 ,

185 2698 202 2719 12
215 2695 265 2727 Dial.
278 2704 322 2726 cum
334 2695 405 2733 Tryph.
420 2694 497 2731 Iudaeo,
510 2695 552 2730 111;
567 2694 602 2726 MG
616 2694 631 2732 6,
645 2694 687 2731 791;
702 2694 718 2726 R
732 2694 771 2725 116.

186 2760 202 2781 re
216 2756 288 2789 Contra
301 2756 349 2788 duas
364 2765 392 2794 ep.
406 2755 451 2794 Pel,
464 2754 505 2787 Lib.
520 2755 535 2793 1,
549 2764 564 2786 c,
579 2754 606 2793 13,
620 2764 639 2786 n.
653 2754 684 2792 26;
699 2754 772 2792 111114,
787 2754 829 2792 562;
845 2753 860 2786 R
874 2754 925 2786 1886.
