1952 3093
475 37 583 75 „53-

118 156 174 194 vitae
190 157 316 201 temporalis
332 158 355 193 in
371 157 495 195 obedientia
511 159 662 196 mandatorum
678 159 718 196 Dei
734 158 906 202 perseveraverit
920 161 944 196 ut

118 229 189 267 salvus
202 240 248 267 esse
260 230 338 275 possit;
351 230 387 274 qui
401 229 459 266 enim
472 232 644 273 perseveraverit
656 243 723 275 usque
735 231 757 267 in
770 231 840 274 finem,
854 221 890 267 bic
904 231 943 268 sal·

118 312 157 338 vus
170 302 216 339 erit.
228 302 291 340 Unde
303 302 418 346 Apostolus
432 303 506 339 volens
519 303 633 341 ostendere
646 303 754 348 quomodo
768 304 790 339 in
803 303 844 340 hac
857 303 943 341 mortali

119 374 163 411 vita
176 386 200 411 ex
213 374 293 412 Christi
304 375 387 412 meritis
400 374 454 411 salvi
466 375 519 412 tacti
531 386 614 413 sumus:
630 376 677 420 Spe,
690 376 767 420 inquit,
779 376 832 412 salvi
845 375 898 412 tacti
911 387 943 413 su-

122 458 177 491 mum
192 447 278 491 quando
292 448 394 484 videlicet
408 451 546 490 peccatorum
561 450 711 486 remissionem
727 449 856 492 accepimus,
872 451 892 485 et
906 448 946 486 Dei

122 521 228 557 mandatis
241 520 360 557 obedimus
374 521 435 565 Quod
448 521 513 564 igitur
525 522 548 557 in
561 522 602 558 hac
613 523 657 559 vita
669 522 727 564 iusti,
739 520 778 566 pii,
789 525 810 558 et
823 521 867 564 apti
879 532 945 565 regno

122 594 237 636 coelorum,
253 604 288 629 seu
307 605 344 637 spe
361 594 414 630 salvi
431 593 542 637 efficimur,
559 604 602 631 non
619 595 662 631 nisi
679 595 791 637 proposito
808 594 889 637 gratiae
906 594 945 631 Dei

123 666 269 708 deputandum
282 667 583 711 est,quar·estauraru1·quod
595 678 633 710 per
645 669 758 710 peccatum
768 667 790 702 in
803 666 866 703 nobis
878 667 946 709 perie-

123 741 165 775 rat:
179 739 216 776 sed
229 739 286 783 quod
299 739 394 776 iustitiae
407 742 427 776 et
439 739 526 782 pietatis
539 739 615 777 merito
629 749 717 783 regnum
731 740 822 776 coeleste
835 740 947 783 consequi-

122 822 175 854 mur,
188 812 244 848 iusto
258 811 340 849 iudicio
352 812 392 848 Dei
400 815 424 847 1⁸.

175 885 258 921 Deinde
273 884 361 922 discutit
375 888 394 921 et
406 884 469 921 reicit
482 884 610 922 sententiam
625 896 704 927 eorum,
719 897 729 920 «
738 885 775 928 qui
789 883 889 921 meritum
903 894 946 921 non

123 969 148 993 cx
163 957 235 1000 operis
250 957 378 1000 integritate,
394 957 472 994 seder
487 957 597 1000 operantis
611 957 715 1001 dignitate
729 956 861 993 metiendum
875 956 947 993 existi-

124 1033 190 1074 ment3
203 1030 256 1066 adeo
267 1032 290 1065 ut
300 1031 318 1066 si
329 1030 377 1074 quis
387 1029 517 1073 imaginetur
527 1030 625 1073 angelum
637 1032 672 1066 aut
681 1029 791 1066 hominem
803 1028 834 1065 sic
846 1029 947 1065 naturali-

123 1105 154 1138 ter
171 1101 290 1143 conditum,
306 1105 329 1138 ut
347 1102 393 1138 sine
409 1101 568 1138 inhabitatione
587 1113 611 1138 ac
629 1102 747 1139 directione
763 1101 858 1144 Spiritus
877 1101 946 1137 sancti

123 1176 189 1211 totam
203 1174 242 1210 Dei
258 1174 326 1216 legem
340 1174 423 1210 illibate
438 1177 539 1217 servaret,
554 1175 613 1211 iuxta
628 1174 705 1211 horum
722 1173 849 1210 sententiam
864 1172 946 1210 nullum

124 1246 212 1283 omnino
229 1245 286 1282 vitae
304 1249 402 1283 aeternae
419 1246 519 1282 meritum
536 1246 630 1289 haberet,
650 1246 718 1282 donec
734 1256 773 1288 per
789 1244 947 1281 inhabitantem

125 1317 228 1361 Spiritum
245 1317 346 1354 Sanctum
363 1328 428 1361 supra
444 1321 532 1355 naturae
548 1328 597 1354 suae
614 1317 760 1354 conditionem
778 1317 910 1359 sublimatus
928 1320 947 1353 et

123 1390 146 1426 in
157 1390 198 1427 Dei
209 1389 278 1426 filium
291 1390 411 1433 adoptatus,
427 1389 514 1427 divinae
528 1393 616 1427 naturae
630 1389 762 1426 consortium
776 1389 913 1432 accepisset»
923 1392 947 1425 1⁹.

123 1461 149 1498 Et
164 1463 187 1498 in
203 1461 245 1498 fine
260 1461 324 1498 huius
341 1461 419 1505 capitis
436 1461 499 1499 dicit:
520 1462 674 1505 «Quapropter
691 1472 764 1498 eorum
781 1461 893 1504 sententia,
910 1461 947 1505 qui

123 1534 221 1572 inbonis
233 1533 335 1577 operibus
347 1536 414 1571 totam
425 1534 497 1570 meriti
507 1534 613 1570 rationem
625 1546 650 1571 ex
663 1545 687 1570 eo
699 1533 823 1576 metiuntur,
835 1532 893 1577 quod
904 1533 948 1570 sint

124 1606 248 1643 ohedientia
260 1606 411 1643 mandatorum
425 1606 470 1649 Dei,
482 1606 516 1642 his
529 1606 649 1643 rationibus
661 1605 746 1642 ostendi
759 1617 822 1649 posse
835 1605 947 1642 videtur».

124 1677 150 1714 Et
165 1678 197 1715 sic
213 1677 308 1716 ostendit
323 1689 369 1721 cap,
386 1677 404 1721 2,
419 1678 477 1721 quod
493 1677 548 1714 sicut
564 1688 617 1720 opus
633 1678 712 1714 malum
728 1688 753 1714 ex
770 1681 846 1714 natura
862 1687 900 1713 sua
916 1679 948 1714 est

125 1750 200 1787 mortis
212 1752 313 1787 aeternae
327 1749 438 1787 meritum:
456 1750 487 1786 sic
501 1750 582 1786 bonum
597 1760 650 1793 opus
665 1761 690 1786 ex
705 1752 781 1786 natura
795 1760 832 1786 sua
845 1752 878 1786 ,est
891 1749 948 1786 vitae

126 1824 224 1859 aeternae
237 1822 347 1866 meritum;
362 1833 409 1865 cap.
422 1822 440 1864 3,
454 1822 512 1866 quod
524 1824 600 1858 natura
613 1822 713 1864 humana,
726 1822 789 1858 etiam
803 1821 885 1865 Spiritu
898 1820 948 1858 San-

125 1896 158 1931 cto
172 1894 279 1937 destituta,
293 1894 311 1930 si
322 1895 362 1931 Dei
376 1894 477 1947 mandata
491 1893 572 1930 illibate
585 1897 685 1936 servaret,
699 1896 754 1930 esset
767 1894 792 1930 de
806 1893 903 1937 praemio
917 1904 947 1930 se-

126 1977 185 2010 cura;
203 1977 248 2009 cap.
264 1966 282 2008 4,
298 1967 355 2010 quod
370 1966 450 2009 Pelagii
465 1965 571 2002 sententia
587 1965 620 2008 sit,
636 1976 701 2008 opera
715 1965 771 2002 hona
788 1966 841 2002 citra
857 1965 948 2009 gratiam

125 2038 249 2082 adoptionis
265 2038 322 2075 facta
338 2049 381 2075 non
399 2048 444 2075 esse
461 2037 521 2081 regni
537 2037 635 2074 coelestis
651 2037 727 2074 merita
734 2041 759 2074 ²⁰.

174 2294 191 2316 1⁸
205 2289 250 2329 Cap.
263 2290 279 2329 9,
292 2298 335 2329 pag.
350 2290 372 2324 33
386 2300 410 2328 s.;
426 2289 451 2322 ef.
466 2299 520 2329 prop.
536 2289 563 2321 11.

175 2354 194 2376 ³9
207 2350 248 2384 Lib.
261 2351 277 2389 2,
288 2360 329 2390 cap.
341 2351 360 2389 1;
373 2358 416 2390 pag.
429 2350 457 2383 35.

174 2416 192 2438 ²⁰
205 2411 234 2444 Ad
245 2411 293 2445 haec
304 2412 329 2445 cf.
339 2421 394 2451 prop.
406 2410 444 2449 1-5,
455 2410 517 2449 12-15,
529 2409 557 2449 17,
569 2409 597 2449 18,
610 2410 638 2443 62,
