1933 3093
383 52 491 89 „21-

29 190 73 228 rius
82 192 105 232 ii,
119 186 261 232 Augustinum
277 189 394 231 rogantur
409 185 522 224 ulteriores
537 186 563 224 de
577 185 612 223 his
626 184 790 230 quaestionibus
806 184 857 222 dare

28 261 78 300 velit
93 244 255 297 instructiones.
271 258 347 303 Magna
361 270 387 295 ex
402 261 463 302 parte
479 258 551 302 agitur-
566 258 648 295 directe
665 257 692 295 de·
707 256 855 301 praedestina·

28 335 95 377 tione;
107 342 162 377 quae
174 331 310 375 gratuitatem
323 331 404 374 gratiae
416 330 541 368 immediate
553 332 658 374 spectant,
670 330 700 367 ita
712 328 808 373 Prosper
820 339 854 367 ex-

30 406 102 451 ponit:

84 477 196 522 «Quidam
209 488 260 514 vero
275 477 353 514 horum
367 478 390 514 in
406 479 514 514 tantuma
530 475 651 521 pelagianis
666 474 749 513 semitis
764 485 808 512 nou
824 474 872 515 de·⁴

31 551 119 594 clinant,
133 553 156 587 ut
172 560 220 587 cum
237 550 264 587 ad
280 550 425 587 confitendam
441 561 487 587 eam
503 548 584 588 Christi
600 548 698 593 gratiam,
714 559 769 593 quae
785 547 859 586 omnia

31 623 156 668 praeveniat
171 622 248 660 merita
265 622 366 667 humana,
382 625 492 666 cogantur,
510 631 537 659 ne
554 622 573 659 si
590 621 674 659 meritis
691 620 797 666 redditur,
815 620 859 658 tru-

31 698 75 734 stra
89 695 160 738 gratia
174 695 307 740 nominetur;
324 695 352 732 ad
368 695 517 733 conditionem
532 694 590 732 hanc
605 692 674 731 velint
688 693 859 738 uniuscuiusque

31 767 126 806 hominis
139 767 255 811 pertinere,
269 767 292 803 in
306 778 347 812 qua
360 778 408 804 eum
422 766 478 804 nihil
491 766 553 810 prius
567 769 692 810 merentem,
706 765 757 811 quia
770 777 810 803 nec
824 777 859 803 ex-

32 841 148 882 sistentem,
160 839 224 876 liberi
239 839 324 877 arbitrii
338 843 358 877 et
372 839 500 877 rationalem
513 838 582 883 gratia
596 838 705 877 Creatoris
718 837 824 882 instituat,
837 841 860 876 ut

30 915 69 957 per
84 911 238 949 discretionem
252 911 305 949 boni
321 915 341 949 et
355 911 414 955 mal-i,
431 914 451 949 et
466 910 493 948 ad
509 910 656 954 cognitionem
670 910 711 948 Dei
728 913 748 948 et
763 909 791 948 ad
807 913 856 948 olie-

33 984 136 1022 dientiam
151 984 301 1021 mandatorum
316 984 361 1021 eius
376 984 445 1027 possit
460 995 520 1021 suam
536 983 629 1027 dirigere
643 984 782 1027 voluntatem,
796 985 860 1028 atque

33 1057 59 1094 ad
75 1057 132 1093 hanc
146 1056 236 1100 gratiam
252 1068 294 1101 qua
308 1057 331 1093 in
348 1056 434 1095 Christo
449 1056 590 1099 renascimur,
606 1055 728 1100 pervenire,
744 1067 784 1099 per
800 1053 860 1092 na'tu-

33 1129 99 1165 ralem
115 1128 198 1165 scilicet
216 1128 346 1169 facultatem,
363 1126 463 1172 petendo,
481 1128 612 1172 quaerendo,
630 1127 749 1172 pulsando:
769 1129 793 1165 ut
810 1127 860 1166 ideo

33 1200 132 1245 accipiat,
145 1201 194 1238 ideo
206 1200 310 1244 inveniat,
321 1201 371 1238 ideo
384 1202 484 1245 introeat,
497 1201 548 1245 quia
561 1200 619 1238 bono
631 1202 721 1237 naturae
733 1199 789 1237 hene
802 1210 860 1243 usus,

34 1273 60 1310 ad
77 1273 139 1309 istam
157 1273 274 1310 salvantem
289 1272 386 1316 gratiam,
403 1272 495 1309 initialis
511 1271 592 1316 gratiae
610 1283 650 1316 ope
666 1272 770 1310 meruerit
786 1283 861 1316 perve-

34 1345 87 1382 nire.
101 1344 239 1388 Propositum
254 1348 325 1382 autem
339 1345 438 1382 vocantis
453 1344 534 1389 gratiae
548 1345 571 1381 in
587 1344 630 1383 hoc
643 1345 733 1383 omnino
749 1343 860 1389 definiunt,

34 1417 91 1461 quod
107 1417 165 1454 Deus
181 1417 318 1454 constituerit
335 1417 418 1454 nullum
436 1417 458 1453 in
477 1426 567 1461 regnum
584 1428 652 1460 suum,
669 1416 712 1454 nisi
730 1428 770 1461 per
788 1417 861 1455 Sacra·

34 1492 129 1526 mentum
143 1489 313 1532 regenerationis
330 1500 444 1532 assumere,
460 1493 480 1526 et
496 1489 580 1527 adhoc
597 1487 673 1527 salutis
689 1490 770 1527 donum
786 1500 861 1527 omnes

33 1560 132 1599 homines
149 1561 307 1605 universaliter,
326 1561 371 1599 sive
387 1572 426 1605 per
444 1562 571 1604 naturalem,
589 1561 635 1599 sive
653 1572 692 1605 per
710 1561 814 1606 scriptam
830 1562 859 1599 le·

34 1642 88 1676 gem,
105 1633 150 1670 sive
166 1644 205 1676 per
221 1634 367 1678 evangelicam
384 1634 571 1678 praedicationem
588 1635 674 1672 vocari:
694 1637 718 1671 ut
734 1638 754 1672 et
771 1635 809 1680 qui
826 1645 862 1672 vo-

35 1705 120 1749 luerint,
134 1705 186 1743 flant
200 1705 239 1742 filii
252 1706 299 1749 Dei,
314 1709 334 1743 et
348 1706 507 1744 inexcusabiles
523 1706 572 1749 sint,
586 1707 623 1751 qui
638 1705 713 1744 fideles
728 1717 774 1745 esse
789 1707 862 1745 nolue-

36 1777 88 1821 rint;
105 1778 155 1822 quia
171 1777 254 1815 iustitia
268 1778 307 1815 Dei
324 1779 346 1815 in
362 1790 386 1816 eo
403 1778 437 1822 sit,
452 1781 476 1816 ut
490 1779 528 1823 qui
543 1789 588 1816 non
604 1776 745 1823 crediderint,
762 1774 861 1824 pereant;

35 1848 120 1886 bonitas
132 1849 155 1886 in
169 1862 194 1887 eo
208 1853 317 1894 appareat,
332 1851 350 1887 si
364 1849 474 1888 neminem
488 1851 579 1894 repellat
592 1862 603 1888 a
617 1850 668 1895 vita,
683 1851 720 1889 sed
735 1850 862 1889 indifferen-

36 1923 68 1957 ter
78 1921 190 1959 universos
203 1922 255 1959 velit
267 1922 338 1960 salvos
350 1922 397 1959 fieri
411 1927 431 1960 et
443 1923 466 1959 in
479 1922 611 1966 agnitionem
624 1923 722 1960 veritatis
735 1923 810 1961 venire
818 1935 829 1959 »
838 1927 862 1959 ⁷⁶.

88 1993 156 2037 Rogat
167 2004 217 2037 ergo
230 1994 324 2039 Prosper
336 1994 489 2038 Augustinum:
506 1995 593 2039 «Unde,
607 1994 658 2040 quia
672 1995 695 2032 in
708 1995 756 2033 istis
770 1995 863 2040 pelagia·

34 2074 74 2102 nae
86 2065 199 2109 pravitatis
212 2066 311 2111 reliquiis
325 2077 369 2104 non
383 2067 501 2105 mediocris
514 2067 643 2105 virulentiae
657 2064 711 2105 fibra
725 2068 826 2112 nutritur,
841 2068 859 2105 si

37 2129 170 2181 principium
185 2138 260 2176 salutis
273 2140 329 2176 male
343 2139 366 2175 in
381 2139 470 2177 homine
486 2140 614 2185 collocatum
631 2141 649 2177 si
666 2139 752 2178 divinae
766 2141 863 2177 volunta-

37 2208 53 2244 ti
67 2208 133 2253 impie
147 2211 246 2248 voluntas
260 2212 355 2249 humana
369 2212 498 2255 praefertur,
513 2216 536 2249 ut
549 2212 599 2250 ideo
614 2212 663 2257 quis
677 2211 798 2255 adiuvetur,
812 2212 863 2257 quia

37 2281 110 2325 voluit,
124 2293 168 2319 non
181 2283 231 2320 ideo
246 2283 296 2327 quia
312 2279 432 2328 adiuvatur,
447 2284 508 2329 velit;
525 2285 543 2322 si
557 2284 694 2328 originaliter
706 2285 775 2322 malus
791 2295 863 2328 recep-

38 2346 118 2391 tionem
133 2355 186 2392 honi
203 2366 246 2393 non
264 2367 275 2392 a
292 2355 454 2400 summobono,
472 2357 510 2394 sed
527 2369 538 2394 a
554 2357 670 2400 semetipso
687 2357 792 2395 inchoare
808 2357 864 2394 male

38 2425 133 2463 creditur
148 2438 153 2468 ;
167 2428 186 2464 si
199 2428 286 2466 aliunde
298 2429 342 2467 Deo
356 2429 460 2473 placetur,
473 2429 517 2466 nisi
529 2441 554 2466 ex
567 2441 591 2467 eo
605 2429 663 2473 quod
676 2429 723 2472 ipse
737 2428 861 2467 donaverit:

39 2532 181 2543 ..ᾖ-,-

39 2663 62 2697 44
86 2609 102 2631 ⁷5
116 2606 204 2648 Prosper,
216 2609 269 2643 inter
278 2611 359 2650 August.
371 2613 427 2652 epist.
438 2613 481 2652 225;
495 2614 590 2653 Hilarius,
601 2615 642 2647 226.
654 2616 687 2648 lllL
699 2615 795 2655 33,1002;
809 2615 864 2654 1007;

62 2690 67 2704 ‚
81 2665 124 2706 atu
138 2668 178 2702 951.

87 2730 104 2752 ⁷⁶
117 2728 150 2761 ML
166 2729 194 2769 33,
210 2725 272 2764 touls
