<?xml version="1.0" encoding="UTF-8"?>
<!DOCTYPE html PUBLIC "-//W3C//DTD XHTML 1.0 Transitional//EN"
    "http://www.w3.org/TR/xhtml1/DTD/xhtml1-transitional.dtd">
<html xmlns="http://www.w3.org/1999/xhtml" xml:lang="en" lang="en">
 <head>
  <title>
</title>
<meta http-equiv="Content-Type" content="text/html;charset=utf-8" />
  <meta name='ocr-system' content='tesseract 3.04.00' />
  <meta name='ocr-capabilities' content='ocr_page ocr_carea ocr_par ocr_line ocrx_word'/>
</head>
<body>
  <div class='ocr_page' id='page_1' title='image "./MN41638ucmf_6_0339.png"; bbox 0 0 1952 3093; ppageno 0'>
   <div class='ocr_carea' id='block_1_1' title="bbox 445 71 565 111">
    <p class='ocr_par' dir='ltr' id='par_1_1' title="bbox 445 71 565 111">
     <span class='ocr_line' id='line_1_1' title="bbox 445 71 565 111; baseline -0.017 0"><span class='ocrx_word' id='word_1_1' title='bbox 445 71 524 111; x_wconf 79' lang='lat' dir='ltr'>-a15</span> <span class='ocrx_word' id='word_1_2' title='bbox 538 93 565 100; x_wconf 90' lang='lat'><em>-</em></span> 
     </span>
    </p>
   </div>
   <div class='ocr_carea' id='block_1_2' title="bbox 86 191 916 1752">
    <p class='ocr_par' dir='ltr' id='par_1_2' title="bbox 87 191 915 598">
     <span class='ocr_line' id='line_1_2' title="bbox 87 191 914 239; baseline -0.004 -8"><span class='ocrx_word' id='word_1_3' title='bbox 87 205 140 239; x_wconf 87' lang='lat' dir='ltr'>quos</span> <span class='ocrx_word' id='word_1_4' title='bbox 148 195 210 232; x_wconf 56' lang='lat' dir='ltr'>‘Deus</span> <span class='ocrx_word' id='word_1_5' title='bbox 224 195 247 231; x_wconf 91' lang='lat' dir='ltr'>in</span> <span class='ocrx_word' id='word_1_6' title='bbox 260 193 324 231; x_wconf 89' lang='lat' dir='ltr'>nobis</span> <span class='ocrx_word' id='word_1_7' title='bbox 337 194 384 231; x_wconf 89' lang='lat' dir='ltr'>sine</span> <span class='ocrx_word' id='word_1_8' title='bbox 398 193 462 230; x_wconf 90' lang='lat' dir='ltr'>nobis</span> <span class='ocrx_word' id='word_1_9' title='bbox 476 196 583 237; x_wconf 83' lang='lat' dir='ltr'>operatur,</span> <span class='ocrx_word' id='word_1_10' title='bbox 598 193 621 231; x_wconf 91' lang='lat' dir='ltr'>id</span> <span class='ocrx_word' id='word_1_11' title='bbox 635 196 667 230; x_wconf 85' lang='lat' dir='ltr'>est</span> <span class='ocrx_word' id='word_1_12' title='bbox 680 204 720 236; x_wconf 90' lang='lat' dir='ltr'>per</span> <span class='ocrx_word' id='word_1_13' title='bbox 734 195 794 230; x_wconf 86' lang='lat' dir='ltr'>aetus</span> <span class='ocrx_word' id='word_1_14' title='bbox 809 191 914 229; x_wconf 82' lang='lat' dir='ltr'>indelibe-</span> 
     </span>
     <span class='ocr_line' id='line_1_3' title="bbox 88 264 913 310; baseline -0.005 -7"><span class='ocrx_word' id='word_1_15' title='bbox 88 269 152 310; x_wconf 87' lang='lat' dir='ltr'>ratos,</span> <span class='ocrx_word' id='word_1_16' title='bbox 166 266 231 304; x_wconf 92' lang='lat' dir='ltr'>homo</span> <span class='ocrx_word' id='word_1_17' title='bbox 247 266 328 309; x_wconf 88' lang='lat' dir='ltr'>accipit</span> <span class='ocrx_word' id='word_1_18' title='bbox 342 266 438 309; x_wconf 83' lang='lat' dir='ltr'>vigorem</span> <span class='ocrx_word' id='word_1_19' title='bbox 455 265 482 302; x_wconf 94' lang='lat' dir='ltr'>ad</span> <span class='ocrx_word' id='word_1_20' title='bbox 498 266 611 309; x_wconf 84' lang='lat' dir='ltr'>ponendos</span> <span class='ocrx_word' id='word_1_21' title='bbox 629 269 688 303; x_wconf 88' lang='lat' dir='ltr'>actus</span> <span class='ocrx_word' id='word_1_22' title='bbox 706 265 816 302; x_wconf 86' lang='lat' dir='ltr'>salutares.</span> <span class='ocrx_word' id='word_1_23' title='bbox 832 264 864 301; x_wconf 90' lang='lat' dir='ltr'>Ita</span> <span class='ocrx_word' id='word_1_24' title='bbox 879 274 913 300; x_wconf 88' lang='lat' dir='ltr'>res</span> 
     </span>
     <span class='ocr_line' id='line_1_4' title="bbox 89 335 915 381; baseline -0.004 -6"><span class='ocrx_word' id='word_1_25' title='bbox 89 338 219 381; x_wconf 85' lang='lat' dir='ltr'>coneipitur,</span> <span class='ocrx_word' id='word_1_26' title='bbox 233 338 251 375; x_wconf 88' lang='lat' dir='ltr'>si</span> <span class='ocrx_word' id='word_1_27' title='bbox 265 341 324 375; x_wconf 89' lang='lat' dir='ltr'>actus</span> <span class='ocrx_word' id='word_1_28' title='bbox 339 337 469 375; x_wconf 72' lang='lat' dir='ltr'>deliberatus</span> <span class='ocrx_word' id='word_1_29' title='bbox 484 341 515 375; x_wconf 92' lang='lat' dir='ltr'>est</span> <span class='ocrx_word' id='word_1_30' title='bbox 530 341 589 374; x_wconf 89' lang='lat' dir='ltr'>aetus</span> <span class='ocrx_word' id='word_1_31' title='bbox 604 338 719 375; x_wconf 90' lang='lat' dir='ltr'>distinctus</span> <span class='ocrx_word' id='word_1_32' title='bbox 734 337 760 375; x_wconf 93' lang='lat' dir='ltr'>ab</span> <span class='ocrx_word' id='word_1_33' title='bbox 775 340 824 374; x_wconf 88' lang='lat' dir='ltr'>actu</span> <span class='ocrx_word' id='word_1_34' title='bbox 837 335 915 373; x_wconf 83' lang='lat' dir='ltr'>indeli-</span> 
     </span>
     <span class='ocr_line' id='line_1_5' title="bbox 87 409 913 454; baseline -0.005 -6"><span class='ocrx_word' id='word_1_35' title='bbox 87 411 168 448; x_wconf 82' lang='lat' dir='ltr'>berato.</span> <span class='ocrx_word' id='word_1_36' title='bbox 184 410 205 448; x_wconf 92' lang='lat' dir='ltr'>Si</span> <span class='ocrx_word' id='word_1_37' title='bbox 221 413 291 448; x_wconf 89' lang='lat' dir='ltr'>autem</span> <span class='ocrx_word' id='word_1_38' title='bbox 307 413 367 448; x_wconf 88' lang='lat' dir='ltr'>aetus</span> <span class='ocrx_word' id='word_1_39' title='bbox 382 409 512 447; x_wconf 78' lang='lat' dir='ltr'>deliberatus</span> <span class='ocrx_word' id='word_1_40' title='bbox 528 410 583 446; x_wconf 83' lang='lat' dir='ltr'>nihil</span> <span class='ocrx_word' id='word_1_41' title='bbox 600 410 659 447; x_wconf 89' lang='lat' dir='ltr'>aliud</span> <span class='ocrx_word' id='word_1_42' title='bbox 673 414 710 454; x_wconf 89' lang='lat' dir='ltr'>est,</span> <span class='ocrx_word' id='word_1_43' title='bbox 725 420 789 454; x_wconf 88' lang='lat' dir='ltr'>quam</span> <span class='ocrx_word' id='word_1_44' title='bbox 805 412 866 446; x_wconf 89' lang='lat' dir='ltr'>aetus</span> <span class='ocrx_word' id='word_1_45' title='bbox 882 409 913 444; x_wconf 89' lang='lat' dir='ltr'>in-</span> 
     </span>
     <span class='ocr_line' id='line_1_6' title="bbox 89 482 915 527; baseline -0.004 -7"><span class='ocrx_word' id='word_1_46' title='bbox 89 483 225 527; x_wconf 71' lang='lat' dir='ltr'>deliberatus</span> <span class='ocrx_word' id='word_1_47' title='bbox 242 484 279 527; x_wconf 89' lang='lat' dir='ltr'>qui</span> <span class='ocrx_word' id='word_1_48' title='bbox 294 484 410 520; x_wconf 77' lang='lat' dir='ltr'>accedente</span> <span class='ocrx_word' id='word_1_49' title='bbox 426 483 560 520; x_wconf 88' lang='lat' dir='ltr'>advertentia</span> <span class='ocrx_word' id='word_1_50' title='bbox 577 484 667 520; x_wconf 83' lang='lat' dir='ltr'>rationis</span> <span class='ocrx_word' id='word_1_51' title='bbox 684 482 707 519; x_wconf 84' lang='lat' dir='ltr'>tit</span> <span class='ocrx_word' id='word_1_52' title='bbox 724 482 861 523; x_wconf 79' lang='lat' dir='ltr'>deliberatus,</span> <span class='ocrx_word' id='word_1_53' title='bbox 879 492 915 517; x_wconf 91' lang='lat' dir='ltr'>no-</span> 
     </span>
     <span class='ocr_line' id='line_1_7' title="bbox 88 554 566 598; baseline -0.002 -7"><span class='ocrx_word' id='word_1_54' title='bbox 88 566 138 592; x_wconf 93' lang='lat' dir='ltr'>vum</span> <span class='ocrx_word' id='word_1_55' title='bbox 152 555 257 592; x_wconf 86' lang='lat' dir='ltr'>auxilium</span> <span class='ocrx_word' id='word_1_56' title='bbox 271 555 369 591; x_wconf 88' lang='lat' dir='ltr'>divinum</span> <span class='ocrx_word' id='word_1_57' title='bbox 384 565 427 592; x_wconf 89' lang='lat' dir='ltr'>non</span> <span class='ocrx_word' id='word_1_58' title='bbox 443 554 566 598; x_wconf 64' lang='lat' dir='ltr'>requiriturx</span> 
     </span>
    </p>

    <p class='ocr_par' dir='ltr' id='par_1_3' title="bbox 86 626 914 880">
     <span class='ocr_line' id='line_1_8' title="bbox 141 626 914 670; baseline -0.003 -6"><span class='ocrx_word' id='word_1_59' title='bbox 141 626 219 664; x_wconf 79' lang='lat' dir='ltr'>Suarez</span> <span class='ocrx_word' id='word_1_60' title='bbox 235 638 293 670; x_wconf 89' lang='lat' dir='ltr'>vero,</span> <span class='ocrx_word' id='word_1_61' title='bbox 308 626 345 670; x_wconf 90' lang='lat' dir='ltr'>qui</span> <span class='ocrx_word' id='word_1_62' title='bbox 361 626 466 664; x_wconf 89' lang='lat' dir='ltr'>influxum</span> <span class='ocrx_word' id='word_1_63' title='bbox 483 627 599 670; x_wconf 82' lang='lat' dir='ltr'>physicum</span> <span class='ocrx_word' id='word_1_64' title='bbox 615 630 675 664; x_wconf 87' lang='lat' dir='ltr'>aetus</span> <span class='ocrx_word' id='word_1_65' title='bbox 691 627 714 663; x_wconf 87' lang='lat' dir='ltr'>in</span> <span class='ocrx_word' id='word_1_66' title='bbox 731 630 802 664; x_wconf 85' lang='lat' dir='ltr'>actum</span> <span class='ocrx_word' id='word_1_67' title='bbox 818 637 862 663; x_wconf 90' lang='lat' dir='ltr'>non</span> <span class='ocrx_word' id='word_1_68' title='bbox 878 626 914 662; x_wconf 92' lang='lat' dir='ltr'>ad-</span> 
     </span>
     <span class='ocr_line' id='line_1_9' title="bbox 88 698 914 742; baseline -0.002 -6"><span class='ocrx_word' id='word_1_69' title='bbox 88 699 160 742; x_wconf 85' lang='lat' dir='ltr'>mittit,</span> <span class='ocrx_word' id='word_1_70' title='bbox 171 699 198 736; x_wconf 89' lang='lat' dir='ltr'>ad</span> <span class='ocrx_word' id='word_1_71' title='bbox 209 702 281 736; x_wconf 86' lang='lat' dir='ltr'>actum</span> <span class='ocrx_word' id='word_1_72' title='bbox 295 698 436 736; x_wconf 84' lang='lat' dir='ltr'>deliberatum</span> <span class='ocrx_word' id='word_1_73' title='bbox 450 699 564 735; x_wconf 88' lang='lat' dir='ltr'>salutarem</span> <span class='ocrx_word' id='word_1_74' title='bbox 575 700 653 735; x_wconf 89' lang='lat' dir='ltr'>iterum</span> <span class='ocrx_word' id='word_1_75' title='bbox 664 699 759 742; x_wconf 91' lang='lat' dir='ltr'>postulat</span> <span class='ocrx_word' id='word_1_76' title='bbox 772 699 914 736; x_wconf 82' lang='lat' dir='ltr'>elevationem</span> 
     </span>
     <span class='ocr_line' id='line_1_10' title="bbox 86 758 914 808; baseline -0.001 -1"><span class='ocrx_word' id='word_1_77' title='bbox 86 758 199 808; x_wconf 76' lang='lat' dir='ltr'>&#39;externam</span> <span class='ocrx_word' id='word_1_78' title='bbox 218 771 282 807; x_wconf 90' lang='lat' dir='ltr'>sicuti</span> <span class='ocrx_word' id='word_1_79' title='bbox 300 770 327 807; x_wconf 91' lang='lat' dir='ltr'>ad</span> <span class='ocrx_word' id='word_1_80' title='bbox 345 774 416 808; x_wconf 90' lang='lat' dir='ltr'>actum</span> <span class='ocrx_word' id='word_1_81' title='bbox 434 770 608 808; x_wconf 83' lang='lat' dir='ltr'>indeliberatum.</span> <span class='ocrx_word' id='word_1_82' title='bbox 627 771 771 808; x_wconf 82' lang='lat' dir='ltr'>Praeterenda</span> <span class='ocrx_word' id='word_1_83' title='bbox 790 772 813 806; x_wconf 91' lang='lat' dir='ltr'>in</span> <span class='ocrx_word' id='word_1_84' title='bbox 830 773 872 807; x_wconf 88' lang='lat' dir='ltr'>hae</span> <span class='ocrx_word' id='word_1_85' title='bbox 891 781 914 806; x_wconf 89' lang='lat' dir='ltr'>re</span> 
     </span>
     <span class='ocr_line' id='line_1_11' title="bbox 89 835 531 880; baseline 0 0"><span class='ocrx_word' id='word_1_86' title='bbox 89 842 175 880; x_wconf 90' lang='lat' dir='ltr'>videtur</span> <span class='ocrx_word' id='word_1_87' title='bbox 189 843 296 880; x_wconf 87' lang='lat' dir='ltr'>sententia</span> <span class='ocrx_word' id='word_1_88' title='bbox 310 842 410 880; x_wconf 89' lang='lat' dir='ltr'>Molinae.</span> <span class='ocrx_word' id='word_1_89' title='bbox 530 835 531 839; x_wconf 61' lang='grc'>’</span> 
     </span>
    </p>

    <p class='ocr_par' dir='ltr' id='par_1_4' title="bbox 88 914 916 1752">
     <span class='ocr_line' id='line_1_12' title="bbox 142 914 915 953; baseline -0.003 -1"><span class='ocrx_word' id='word_1_90' title='bbox 142 915 174 952; x_wconf 93' lang='lat' dir='ltr'>Ita</span> <span class='ocrx_word' id='word_1_91' title='bbox 188 914 301 952; x_wconf 87' lang='lat' dir='ltr'>sententiis</span> <span class='ocrx_word' id='word_1_92' title='bbox 315 918 360 952; x_wconf 91' lang='lat' dir='ltr'>tum</span> <span class='ocrx_word' id='word_1_93' title='bbox 374 914 400 953; x_wconf 92' lang='lat' dir='ltr'>de</span> <span class='ocrx_word' id='word_1_94' title='bbox 413 915 532 952; x_wconf 85' lang='lat' dir='ltr'>elevatione</span> <span class='ocrx_word' id='word_1_95' title='bbox 547 916 632 952; x_wconf 89' lang='lat' dir='ltr'>interna</span> <span class='ocrx_word' id='word_1_96' title='bbox 647 919 691 952; x_wconf 85' lang='lat' dir='ltr'>tum</span> <span class='ocrx_word' id='word_1_97' title='bbox 707 916 732 952; x_wconf 89' lang='lat' dir='ltr'>de</span> <span class='ocrx_word' id='word_1_98' title='bbox 746 915 865 952; x_wconf 87' lang='lat' dir='ltr'>elevatione</span> <span class='ocrx_word' id='word_1_99' title='bbox 881 925 915 951; x_wconf 80' lang='lat' dir='ltr'>ex—</span> 
     </span>
     <span class='ocr_line' id='line_1_13' title="bbox 88 986 914 1031; baseline -0.001 -7"><span class='ocrx_word' id='word_1_100' title='bbox 88 991 148 1025; x_wconf 91' lang='lat' dir='ltr'>terna</span> <span class='ocrx_word' id='word_1_101' title='bbox 162 987 274 1031; x_wconf 87' lang='lat' dir='ltr'>expositis,</span> <span class='ocrx_word' id='word_1_102' title='bbox 289 986 380 1031; x_wconf 87' lang='lat' dir='ltr'>quilibet</span> <span class='ocrx_word' id='word_1_103' title='bbox 395 987 473 1030; x_wconf 88' lang='lat' dir='ltr'>videat,</span> <span class='ocrx_word' id='word_1_104' title='bbox 488 987 598 1031; x_wconf 89' lang='lat' dir='ltr'>quaesibi</span> <span class='ocrx_word' id='word_1_105' title='bbox 613 988 680 1031; x_wconf 76' lang='lat' dir='ltr'>magis</span> <span class='ocrx_word' id='word_1_106' title='bbox 694 987 805 1031; x_wconf 87' lang='lat' dir='ltr'>probetur.</span> <span class='ocrx_word' id='word_1_107' title='bbox 818 987 843 1023; x_wconf 92' lang='lat' dir='ltr'>In</span> <span class='ocrx_word' id='word_1_108' title='bbox 857 990 914 1023; x_wconf 88' lang='lat' dir='ltr'>utra-</span> 
     </span>
     <span class='ocr_line' id='line_1_14' title="bbox 89 1058 915 1105; baseline -0.001 -9"><span class='ocrx_word' id='word_1_109' title='bbox 89 1070 129 1103; x_wconf 85' lang='lat' dir='ltr'>que</span> <span class='ocrx_word' id='word_1_110' title='bbox 142 1059 248 1096; x_wconf 89' lang='lat' dir='ltr'>sententia</span> <span class='ocrx_word' id='word_1_111' title='bbox 261 1069 350 1102; x_wconf 80' lang='lat' dir='ltr'>magnae</span> <span class='ocrx_word' id='word_1_112' title='bbox 363 1063 413 1097; x_wconf 87' lang='lat' dir='ltr'>sunt</span> <span class='ocrx_word' id='word_1_113' title='bbox 427 1058 569 1102; x_wconf 81' lang='lat' dir='ltr'>difficultates,</span> <span class='ocrx_word' id='word_1_114' title='bbox 581 1060 667 1105; x_wconf 87' lang='lat' dir='ltr'>utrique</span> <span class='ocrx_word' id='word_1_115' title='bbox 679 1059 820 1097; x_wconf 91' lang='lat' dir='ltr'>concedenda</span> <span class='ocrx_word' id='word_1_116' title='bbox 833 1062 865 1096; x_wconf 89' lang='lat' dir='ltr'>est</span> <span class='ocrx_word' id='word_1_117' title='bbox 877 1068 915 1095; x_wconf 86' lang='lat' dir='ltr'>sua</span> 
     </span>
     <span class='ocr_line' id='line_1_15' title="bbox 89 1130 915 1176; baseline -0.001 -8"><span class='ocrx_word' id='word_1_118' title='bbox 89 1131 238 1175; x_wconf 83' lang='lat' dir='ltr'>probabilitas.</span> <span class='ocrx_word' id='word_1_119' title='bbox 252 1130 362 1169; x_wconf 87' lang='lat' dir='ltr'>Sententia</span> <span class='ocrx_word' id='word_1_120' title='bbox 376 1131 503 1169; x_wconf 86' lang='lat' dir='ltr'>elevationis</span> <span class='ocrx_word' id='word_1_121' title='bbox 518 1135 618 1169; x_wconf 82' lang='lat' dir='ltr'>externae</span> <span class='ocrx_word' id='word_1_122' title='bbox 630 1131 686 1168; x_wconf 88' lang='lat' dir='ltr'>nihil</span> <span class='ocrx_word' id='word_1_123' title='bbox 700 1131 760 1169; x_wconf 85' lang='lat' dir='ltr'>addit</span> <span class='ocrx_word' id='word_1_124' title='bbox 774 1131 802 1169; x_wconf 90' lang='lat' dir='ltr'>ad</span> <span class='ocrx_word' id='word_1_125' title='bbox 816 1142 847 1174; x_wconf 88' lang='lat' dir='ltr'>ea,</span> <span class='ocrx_word' id='word_1_126' title='bbox 861 1142 915 1176; x_wconf 87' lang='lat' dir='ltr'>quae</span> 
     </span>
     <span class='ocr_line' id='line_1_16' title="bbox 90 1203 915 1247; baseline 0 -8"><span class='ocrx_word' id='word_1_127' title='bbox 90 1203 223 1241; x_wconf 82' lang='lat' dir='ltr'>insontibus</span> <span class='ocrx_word' id='word_1_128' title='bbox 239 1203 386 1246; x_wconf 90' lang='lat' dir='ltr'>inveniuntur,</span> <span class='ocrx_word' id='word_1_129' title='bbox 402 1206 423 1240; x_wconf 89' lang='lat' dir='ltr'>et</span> <span class='ocrx_word' id='word_1_130' title='bbox 437 1204 518 1247; x_wconf 85' lang='lat' dir='ltr'>optime</span> <span class='ocrx_word' id='word_1_131' title='bbox 534 1206 605 1240; x_wconf 90' lang='lat' dir='ltr'>servat</span> <span class='ocrx_word' id='word_1_132' title='bbox 621 1206 680 1241; x_wconf 86' lang='lat' dir='ltr'>actus</span> <span class='ocrx_word' id='word_1_133' title='bbox 697 1203 853 1241; x_wconf 89' lang='lat' dir='ltr'>indeliberatos</span> <span class='ocrx_word' id='word_1_134' title='bbox 869 1214 915 1240; x_wconf 89' lang='lat' dir='ltr'>esse</span> 
     </span>
     <span class='ocr_line' id='line_1_17' title="bbox 88 1275 915 1320; baseline -0.001 -8"><span class='ocrx_word' id='word_1_135' title='bbox 88 1276 178 1319; x_wconf 70' lang='lat' dir='ltr'>gratiam</span> <span class='ocrx_word' id='word_1_136' title='bbox 194 1276 308 1320; x_wconf 85' lang='lat' dir='ltr'>actualem;</span> <span class='ocrx_word' id='word_1_137' title='bbox 325 1277 347 1311; x_wconf 92' lang='lat' dir='ltr'>in</span> <span class='ocrx_word' id='word_1_138' title='bbox 364 1277 470 1313; x_wconf 85' lang='lat' dir='ltr'>sententia</span> <span class='ocrx_word' id='word_1_139' title='bbox 484 1276 611 1314; x_wconf 86' lang='lat' dir='ltr'>elevationis</span> <span class='ocrx_word' id='word_1_140' title='bbox 627 1277 725 1314; x_wconf 86' lang='lat' dir='ltr'>internae</span> <span class='ocrx_word' id='word_1_141' title='bbox 742 1275 828 1313; x_wconf 85' lang='lat' dir='ltr'>facilius</span> <span class='ocrx_word' id='word_1_142' title='bbox 843 1275 915 1312; x_wconf 89' lang='lat' dir='ltr'>conci-</span> 
     </span>
     <span class='ocr_line' id='line_1_18' title="bbox 88 1346 914 1392; baseline 0.001 -9"><span class='ocrx_word' id='word_1_143' title='bbox 88 1348 152 1392; x_wconf 82' lang='lat' dir='ltr'>pitur,</span> <span class='ocrx_word' id='word_1_144' title='bbox 169 1347 278 1391; x_wconf 89' lang='lat' dir='ltr'>quomodo</span> <span class='ocrx_word' id='word_1_145' title='bbox 293 1351 354 1384; x_wconf 88' lang='lat' dir='ltr'>aetus</span> <span class='ocrx_word' id='word_1_146' title='bbox 370 1347 526 1385; x_wconf 88' lang='lat' dir='ltr'>indeliberatus</span> <span class='ocrx_word' id='word_1_147' title='bbox 544 1347 714 1391; x_wconf 87' lang='lat' dir='ltr'>supernaturalis</span> <span class='ocrx_word' id='word_1_148' title='bbox 731 1348 819 1385; x_wconf 81' lang='lat' dir='ltr'>oriatur.</span> <span class='ocrx_word' id='word_1_149' title='bbox 836 1346 914 1385; x_wconf 70' lang='lat' dir='ltr'>«Cete-</span> 
     </span>
     <span class='ocr_line' id='line_1_19' title="bbox 90 1419 915 1464; baseline 0.001 -9"><span class='ocrx_word' id='word_1_150' title='bbox 90 1430 136 1456; x_wconf 90' lang='lat' dir='ltr'>rum</span> <span class='ocrx_word' id='word_1_151' title='bbox 147 1419 201 1456; x_wconf 90' lang='lat' dir='ltr'>haec</span> <span class='ocrx_word' id='word_1_152' title='bbox 211 1419 308 1463; x_wconf 84' lang='lat' dir='ltr'>quaestio</span> <span class='ocrx_word' id='word_1_153' title='bbox 320 1429 363 1456; x_wconf 92' lang='lat' dir='ltr'>non</span> <span class='ocrx_word' id='word_1_154' title='bbox 375 1423 406 1457; x_wconf 91' lang='lat' dir='ltr'>est</span> <span class='ocrx_word' id='word_1_155' title='bbox 418 1420 471 1456; x_wconf 90' lang='lat' dir='ltr'>tanti</span> <span class='ocrx_word' id='word_1_156' title='bbox 484 1420 594 1464; x_wconf 87' lang='lat' dir='ltr'>momenti,</span> <span class='ocrx_word' id='word_1_157' title='bbox 605 1419 680 1464; x_wconf 91' lang='lat' dir='ltr'>quanti</span> <span class='ocrx_word' id='word_1_158' title='bbox 692 1431 717 1456; x_wconf 85' lang='lat' dir='ltr'>ex</span> <span class='ocrx_word' id='word_1_159' title='bbox 729 1420 845 1457; x_wconf 85' lang='lat' dir='ltr'>multorum</span> <span class='ocrx_word' id='word_1_160' title='bbox 857 1419 915 1456; x_wconf 91' lang='lat' dir='ltr'>theo-</span> 
     </span>
     <span class='ocr_line' id='line_1_20' title="bbox 89 1491 915 1536; baseline -0.001 -8"><span class='ocrx_word' id='word_1_161' title='bbox 89 1492 186 1534; x_wconf 80' lang='lat' dir='ltr'>logorum</span> <span class='ocrx_word' id='word_1_162' title='bbox 201 1491 305 1535; x_wconf 89' lang='lat' dir='ltr'>loquendi</span> <span class='ocrx_word' id='word_1_163' title='bbox 322 1492 387 1529; x_wconf 90' lang='lat' dir='ltr'>modo</span> <span class='ocrx_word' id='word_1_164' title='bbox 403 1491 474 1528; x_wconf 87' lang='lat' dir='ltr'>videri</span> <span class='ocrx_word' id='word_1_165' title='bbox 491 1492 566 1534; x_wconf 82' lang='lat' dir='ltr'>possit,</span> <span class='ocrx_word' id='word_1_166' title='bbox 582 1502 651 1536; x_wconf 85' lang='lat' dir='ltr'>neque</span> <span class='ocrx_word' id='word_1_167' title='bbox 668 1492 780 1528; x_wconf 83' lang='lat' dir='ltr'>constituit</span> <span class='ocrx_word' id='word_1_168' title='bbox 798 1492 915 1529; x_wconf 85' lang='lat' dir='ltr'>radicalem</span> 
     </span>
     <span class='ocr_line' id='line_1_21' title="bbox 91 1563 916 1608; baseline 0.002 -9"><span class='ocrx_word' id='word_1_169' title='bbox 91 1563 237 1600; x_wconf 85' lang='lat' dir='ltr'>differentiam</span> <span class='ocrx_word' id='word_1_170' title='bbox 251 1563 308 1600; x_wconf 82' lang='lat' dir='ltr'>inter</span> <span class='ocrx_word' id='word_1_171' title='bbox 322 1564 448 1606; x_wconf 80' lang='lat' dir='ltr'>opinionem</span> <span class='ocrx_word' id='word_1_172' title='bbox 462 1563 613 1601; x_wconf 88' lang='lat' dir='ltr'>thomistarum</span> <span class='ocrx_word' id='word_1_173' title='bbox 630 1567 650 1599; x_wconf 89' lang='lat' dir='ltr'>et</span> <span class='ocrx_word' id='word_1_174' title='bbox 666 1564 792 1606; x_wconf 88' lang='lat' dir='ltr'>opinionem</span> <span class='ocrx_word' id='word_1_175' title='bbox 807 1564 916 1608; x_wconf 83' lang='lat' dir='ltr'>theologo-</span> 
     </span>
     <span class='ocr_line' id='line_1_22' title="bbox 91 1635 916 1679; baseline 0.002 -8"><span class='ocrx_word' id='word_1_176' title='bbox 91 1646 137 1672; x_wconf 90' lang='lat' dir='ltr'>rum</span> <span class='ocrx_word' id='word_1_177' title='bbox 153 1635 266 1672; x_wconf 90' lang='lat' dir='ltr'>Societatis</span> <span class='ocrx_word' id='word_1_178' title='bbox 281 1635 381 1672; x_wconf 63' lang='lat' dir='ltr'>lesusa.</span> <span class='ocrx_word' id='word_1_179' title='bbox 397 1635 454 1672; x_wconf 89' lang='lat' dir='ltr'>Haec</span> <span class='ocrx_word' id='word_1_180' title='bbox 470 1636 527 1672; x_wconf 92' lang='lat' dir='ltr'>enim</span> <span class='ocrx_word' id='word_1_181' title='bbox 543 1636 691 1673; x_wconf 89' lang='lat' dir='ltr'>controversia</span> <span class='ocrx_word' id='word_1_182' title='bbox 707 1647 750 1672; x_wconf 91' lang='lat' dir='ltr'>non</span> <span class='ocrx_word' id='word_1_183' title='bbox 767 1639 799 1673; x_wconf 89' lang='lat' dir='ltr'>est</span> <span class='ocrx_word' id='word_1_184' title='bbox 815 1636 840 1673; x_wconf 93' lang='lat' dir='ltr'>de</span> <span class='ocrx_word' id='word_1_185' title='bbox 855 1647 916 1679; x_wconf 88' lang='lat' dir='ltr'>prae·</span> 
     </span>
     <span class='ocr_line' id='line_1_23' title="bbox 90 1707 755 1752; baseline 0.003 -9"><span class='ocrx_word' id='word_1_186' title='bbox 90 1708 185 1745; x_wconf 85' lang='lat' dir='ltr'>motione</span> <span class='ocrx_word' id='word_1_187' title='bbox 199 1707 297 1752; x_wconf 77' lang='lat' dir='ltr'>physica,</span> <span class='ocrx_word' id='word_1_188' title='bbox 313 1708 350 1745; x_wconf 89' lang='lat' dir='ltr'>sed</span> <span class='ocrx_word' id='word_1_189' title='bbox 367 1709 392 1745; x_wconf 95' lang='lat' dir='ltr'>de</span> <span class='ocrx_word' id='word_1_190' title='bbox 407 1708 641 1751; x_wconf 86' lang='lat' dir='ltr'>praedeterminatione</span> <span class='ocrx_word' id='word_1_191' title='bbox 657 1708 755 1752; x_wconf 83' lang='lat' dir='ltr'>physica.</span> 
     </span>
    </p>
   </div>
   <div class='ocr_carea' id='block_1_3' title="bbox 186 1941 821 1982">
    <p class='ocr_par' dir='ltr' id='par_1_5' title="bbox 186 1941 821 1982">
     <span class='ocr_line' id='line_1_24' title="bbox 186 1941 821 1982; baseline 0.002 -9"><span class='ocrx_word' id='word_1_192' title='bbox 186 1941 208 1973; x_wconf 82' lang='lat' dir='ltr'>lle</span> <span class='ocrx_word' id='word_1_193' title='bbox 221 1941 275 1982; x_wconf 73' lang='lat' dir='ltr'>gratia</span> <span class='ocrx_word' id='word_1_194' title='bbox 288 1941 349 1974; x_wconf 82' lang='lat' dir='ltr'>actuali</span> <span class='ocrx_word' id='word_1_195' title='bbox 362 1942 379 1973; x_wconf 91' lang='lat' dir='ltr'>ln</span> <span class='ocrx_word' id='word_1_196' title='bbox 392 1942 459 1974; x_wconf 85' lang='lat' dir='ltr'>nomine</span> <span class='ocrx_word' id='word_1_197' title='bbox 472 1942 556 1974; x_wconf 80' lang='lat' dir='ltr'>habitibus</span> <span class='ocrx_word' id='word_1_198' title='bbox 569 1941 726 1982; x_wconf 77' lang='lat' dir='ltr'>supernaturalibus</span> <span class='ocrx_word' id='word_1_199' title='bbox 739 1942 821 1974; x_wconf 86' lang='lat' dir='ltr'>instructo</span> 
     </span>
    </p>
   </div>
   <div class='ocr_carea' id='block_1_4' title="bbox 89 2080 917 2268">
    <p class='ocr_par' dir='ltr' id='par_1_6' title="bbox 89 2080 917 2268">
     <span class='ocr_line' id='line_1_25' title="bbox 142 2080 917 2125; baseline 0.001 -10"><span class='ocrx_word' id='word_1_200' title='bbox 142 2080 257 2124; x_wconf 88' lang='lat' dir='ltr'>Postquam</span> <span class='ocrx_word' id='word_1_201' title='bbox 270 2080 364 2117; x_wconf 80' lang='lat' dir='ltr'>vidimus</span> <span class='ocrx_word' id='word_1_202' title='bbox 377 2081 429 2124; x_wconf 86' lang='lat' dir='ltr'>quid</span> <span class='ocrx_word' id='word_1_203' title='bbox 442 2081 469 2117; x_wconf 84' lang='lat' dir='ltr'>sit</span> <span class='ocrx_word' id='word_1_204' title='bbox 481 2082 549 2124; x_wconf 73' lang='lat' dir='ltr'>gratia</span> <span class='ocrx_word' id='word_1_205' title='bbox 563 2081 659 2125; x_wconf 87' lang='lat' dir='ltr'>actualis,</span> <span class='ocrx_word' id='word_1_206' title='bbox 673 2081 847 2124; x_wconf 87' lang='lat' dir='ltr'>supernaturales</span> <span class='ocrx_word' id='word_1_207' title='bbox 860 2080 917 2118; x_wconf 89' lang='lat' dir='ltr'>scili-</span> 
     </span>
     <span class='ocr_line' id='line_1_26' title="bbox 92 2152 917 2197; baseline 0.002 -9"><span class='ocrx_word' id='word_1_208' title='bbox 92 2156 125 2188; x_wconf 91' lang='lat' dir='ltr'>eet</span> <span class='ocrx_word' id='word_1_209' title='bbox 136 2155 196 2189; x_wconf 89' lang='lat' dir='ltr'>aetus</span> <span class='ocrx_word' id='word_1_210' title='bbox 207 2152 346 2189; x_wconf 87' lang='lat' dir='ltr'>indeliberati</span> <span class='ocrx_word' id='word_1_211' title='bbox 360 2156 380 2189; x_wconf 93' lang='lat' dir='ltr'>et</span> <span class='ocrx_word' id='word_1_212' title='bbox 394 2152 513 2196; x_wconf 86' lang='lat' dir='ltr'>deliberati,</span> <span class='ocrx_word' id='word_1_213' title='bbox 528 2156 548 2190; x_wconf 87' lang='lat' dir='ltr'>et</span> <span class='ocrx_word' id='word_1_214' title='bbox 561 2153 669 2197; x_wconf 86' lang='lat' dir='ltr'>quomodo</span> <span class='ocrx_word' id='word_1_215' title='bbox 682 2153 706 2189; x_wconf 91' lang='lat' dir='ltr'>hi</span> <span class='ocrx_word' id='word_1_216' title='bbox 719 2156 779 2190; x_wconf 90' lang='lat' dir='ltr'>aetus</span> <span class='ocrx_word' id='word_1_217' title='bbox 792 2153 815 2189; x_wconf 88' lang='lat' dir='ltr'>in</span> <span class='ocrx_word' id='word_1_218' title='bbox 828 2153 917 2190; x_wconf 89' lang='lat' dir='ltr'>homine</span> 
     </span>
     <span class='ocr_line' id='line_1_27' title="bbox 89 2223 914 2268; baseline 0 -8"><span class='ocrx_word' id='word_1_219' title='bbox 89 2223 193 2267; x_wconf 83' lang='lat' dir='ltr'>oriantur,</span> <span class='ocrx_word' id='word_1_220' title='bbox 207 2224 245 2268; x_wconf 88' lang='lat' dir='ltr'>qui</span> <span class='ocrx_word' id='word_1_221' title='bbox 259 2235 302 2261; x_wconf 93' lang='lat' dir='ltr'>uon</span> <span class='ocrx_word' id='word_1_222' title='bbox 315 2224 380 2261; x_wconf 88' lang='lat' dir='ltr'>habet</span> <span class='ocrx_word' id='word_1_223' title='bbox 393 2225 483 2261; x_wconf 88' lang='lat' dir='ltr'>virtutes</span> <span class='ocrx_word' id='word_1_224' title='bbox 498 2225 588 2267; x_wconf 73' lang='lat' dir='ltr'>infusas,</span> <span class='ocrx_word' id='word_1_225' title='bbox 603 2225 698 2262; x_wconf 85' lang='lat' dir='ltr'>breviter</span> <span class='ocrx_word' id='word_1_226' title='bbox 712 2225 783 2262; x_wconf 88' lang='lat' dir='ltr'>adhuc</span> <span class='ocrx_word' id='word_1_227' title='bbox 798 2225 914 2262; x_wconf 89' lang='lat' dir='ltr'>dicendum</span> 
     </span>
    </p>
   </div>
   <div class='ocr_carea' id='block_1_5' title="bbox 90 2296 917 2628">
    <p class='ocr_par' dir='ltr' id='par_1_7' title="bbox 90 2296 917 2628">
     <span class='ocr_line' id='line_1_28' title="bbox 90 2296 916 2350; baseline 0.001 -18"><span class='ocrx_word' id='word_1_228' title='bbox 90 2299 121 2332; x_wconf 88' lang='lat' dir='ltr'>est</span> <span class='ocrx_word' id='word_1_229' title='bbox 136 2296 162 2333; x_wconf 89' lang='lat' dir='ltr'>de</span> <span class='ocrx_word' id='word_1_230' title='bbox 177 2296 245 2340; x_wconf 84' lang='lat' dir='ltr'>gratia</span> <span class='ocrx_word' id='word_1_231' title='bbox 260 2296 338 2334; x_wconf 87' lang='lat' dir='ltr'>actuali</span> <span class='ocrx_word' id='word_1_232' title='bbox 352 2297 374 2333; x_wconf 91' lang='lat' dir='ltr'>in</span> <span class='ocrx_word' id='word_1_233' title='bbox 389 2296 477 2350; x_wconf 86' lang='lat' dir='ltr'>homine</span> <span class='ocrx_word' id='word_1_234' title='bbox 492 2297 555 2340; x_wconf 83' lang='lat' dir='ltr'>iusto,</span> <span class='ocrx_word' id='word_1_235' title='bbox 571 2298 605 2333; x_wconf 88' lang='lat' dir='ltr'>vel</span> <span class='ocrx_word' id='word_1_236' title='bbox 619 2297 683 2334; x_wconf 78' lang='lat' dir='ltr'>etiarn</span> <span class='ocrx_word' id='word_1_237' title='bbox 697 2300 812 2341; x_wconf 86' lang='lat' dir='ltr'>peccatore</span> <span class='ocrx_word' id='word_1_238' title='bbox 827 2297 864 2341; x_wconf 89' lang='lat' dir='ltr'>qui</span> <span class='ocrx_word' id='word_1_239' title='bbox 880 2297 916 2334; x_wconf 87' lang='lat' dir='ltr'>ad-</span> 
     </span>
     <span class='ocr_line' id='line_1_29' title="bbox 90 2367 916 2412; baseline 0.004 -10"><span class='ocrx_word' id='word_1_240' title='bbox 90 2367 132 2403; x_wconf 90' lang='lat' dir='ltr'>huc</span> <span class='ocrx_word' id='word_1_241' title='bbox 145 2368 210 2405; x_wconf 90' lang='lat' dir='ltr'>habet</span> <span class='ocrx_word' id='word_1_242' title='bbox 223 2368 325 2405; x_wconf 88' lang='lat' dir='ltr'>virtutem</span> <span class='ocrx_word' id='word_1_243' title='bbox 338 2368 432 2405; x_wconf 86' lang='lat' dir='ltr'>infusam</span> <span class='ocrx_word' id='word_1_244' title='bbox 444 2368 494 2406; x_wconf 88' lang='lat' dir='ltr'>fidei</span> <span class='ocrx_word' id='word_1_245' title='bbox 507 2372 527 2406; x_wconf 87' lang='lat' dir='ltr'>et</span> <span class='ocrx_word' id='word_1_246' title='bbox 540 2369 586 2411; x_wconf 89' lang='lat' dir='ltr'>spei</span> <span class='ocrx_word' id='word_1_247' title='bbox 600 2369 671 2412; x_wconf 88' lang='lat' dir='ltr'>quoad</span> <span class='ocrx_word' id='word_1_248' title='bbox 685 2372 745 2406; x_wconf 82' lang='lat' dir='ltr'>aetus</span> <span class='ocrx_word' id='word_1_249' title='bbox 760 2369 787 2406; x_wconf 90' lang='lat' dir='ltr'>ad</span> <span class='ocrx_word' id='word_1_250' title='bbox 799 2369 838 2406; x_wconf 91' lang='lat' dir='ltr'>has</span> <span class='ocrx_word' id='word_1_251' title='bbox 850 2369 916 2405; x_wconf 91' lang='lat' dir='ltr'>virtu-</span> 
     </span>
     <span class='ocr_line' id='line_1_30' title="bbox 91 2439 916 2485; baseline 0.006 -12"><span class='ocrx_word' id='word_1_252' title='bbox 91 2441 122 2475; x_wconf 89' lang='lat' dir='ltr'>tes</span> <span class='ocrx_word' id='word_1_253' title='bbox 134 2440 275 2483; x_wconf 81' lang='lat' dir='ltr'>pertinentes.</span> <span class='ocrx_word' id='word_1_254' title='bbox 289 2439 341 2477; x_wconf 88' lang='lat' dir='ltr'>Cum</span> <span class='ocrx_word' id='word_1_255' title='bbox 355 2440 432 2483; x_wconf 89' lang='lat' dir='ltr'>fontes,</span> <span class='ocrx_word' id='word_1_256' title='bbox 446 2451 472 2477; x_wconf 85' lang='lat' dir='ltr'>ex</span> <span class='ocrx_word' id='word_1_257' title='bbox 484 2439 563 2485; x_wconf 87' lang='lat' dir='ltr'>quibus</span> <span class='ocrx_word' id='word_1_258' title='bbox 575 2441 716 2484; x_wconf 88' lang='lat' dir='ltr'>probavimus</span> <span class='ocrx_word' id='word_1_259' title='bbox 729 2441 809 2484; x_wconf 83' lang='lat' dir='ltr'>gratias</span> <span class='ocrx_word' id='word_1_260' title='bbox 823 2441 916 2478; x_wconf 86' lang='lat' dir='ltr'>actuales</span> 
     </span>
     <span class='ocr_line' id='line_1_31' title="bbox 92 2511 917 2557; baseline 0.002 -9"><span class='ocrx_word' id='word_1_261' title='bbox 92 2521 137 2549; x_wconf 90' lang='lat' dir='ltr'>esse</span> <span class='ocrx_word' id='word_1_262' title='bbox 150 2511 200 2550; x_wconf 90' lang='lat' dir='ltr'>illos</span> <span class='ocrx_word' id='word_1_263' title='bbox 212 2515 272 2551; x_wconf 88' lang='lat' dir='ltr'>actus</span> <span class='ocrx_word' id='word_1_264' title='bbox 286 2512 460 2556; x_wconf 86' lang='lat' dir='ltr'>supernaturales</span> <span class='ocrx_word' id='word_1_265' title='bbox 474 2512 629 2550; x_wconf 88' lang='lat' dir='ltr'>indeliberatos</span> <span class='ocrx_word' id='word_1_266' title='bbox 644 2517 664 2549; x_wconf 91' lang='lat' dir='ltr'>et</span> <span class='ocrx_word' id='word_1_267' title='bbox 678 2513 814 2557; x_wconf 87' lang='lat' dir='ltr'>deliberatos‚</span> <span class='ocrx_word' id='word_1_268' title='bbox 828 2513 917 2551; x_wconf 91' lang='lat' dir='ltr'>omuino</span> 
     </span>
     <span class='ocr_line' id='line_1_32' title="bbox 92 2583 917 2628; baseline 0.006 -10"><span class='ocrx_word' id='word_1_269' title='bbox 92 2583 225 2621; x_wconf 88' lang='lat' dir='ltr'>universales</span> <span class='ocrx_word' id='word_1_270' title='bbox 241 2584 290 2627; x_wconf 85' lang='lat' dir='ltr'>sint,</span> <span class='ocrx_word' id='word_1_271' title='bbox 305 2586 363 2627; x_wconf 85' lang='lat' dir='ltr'>patet</span> <span class='ocrx_word' id='word_1_272' title='bbox 376 2585 483 2621; x_wconf 84' lang='lat' dir='ltr'>actualem</span> <span class='ocrx_word' id='word_1_273' title='bbox 498 2585 588 2627; x_wconf 81' lang='lat' dir='ltr'>gratiam</span> <span class='ocrx_word' id='word_1_274' title='bbox 602 2586 667 2622; x_wconf 86' lang='lat' dir='ltr'>etiam</span> <span class='ocrx_word' id='word_1_275' title='bbox 681 2596 721 2628; x_wconf 87' lang='lat' dir='ltr'>pro</span> <span class='ocrx_word' id='word_1_276' title='bbox 735 2585 824 2622; x_wconf 89' lang='lat' dir='ltr'>homine</span> <span class='ocrx_word' id='word_1_277' title='bbox 839 2586 917 2623; x_wconf 65' lang='lat' dir='ltr'>habiti</span> 
     </span>
    </p>
   </div>
   <div class='ocr_carea' id='block_1_6' title="bbox 90 2678 233 2687">
    <p class='ocr_par' dir='ltr' id='par_1_8' title="bbox 90 2678 233 2687">
     <span class='ocr_line' id='line_1_33' title="bbox 90 2678 233 2687; baseline 0.014 -2"><span class='ocrx_word' id='word_1_278' title='bbox 90 2678 120 2685; x_wconf 62' lang='lat'>-.</span> <span class='ocrx_word' id='word_1_279' title='bbox 124 2681 175 2686; x_wconf 43' lang='lat' dir='ltr'>mm...</span> <span class='ocrx_word' id='word_1_280' title='bbox 180 2682 233 2687; x_wconf 45' lang='lat' dir='ltr'>...w-›⁴-</span> 
     </span>
    </p>
   </div>
   <div class='ocr_carea' id='block_1_7' title="bbox 136 2734 320 2773">
    <p class='ocr_par' dir='ltr' id='par_1_9' title="bbox 136 2734 320 2773">
     <span class='ocr_line' id='line_1_34' title="bbox 136 2734 320 2773; baseline 0 -7"><span class='ocrx_word' id='word_1_281' title='bbox 136 2737 155 2758; x_wconf 68' lang='lat'>49</span> <span class='ocrx_word' id='word_1_282' title='bbox 169 2734 235 2773; x_wconf 85' lang='lat' dir='ltr'>Peseh,</span> <span class='ocrx_word' id='word_1_283' title='bbox 249 2743 278 2767; x_wconf 85' lang='lat' dir='ltr'>ur.</span> <span class='ocrx_word' id='word_1_284' title='bbox 292 2734 320 2767; x_wconf 84' lang='lat'>52.</span> 
     </span>
    </p>
   </div>
   <div class='ocr_carea' id='block_1_8' title="bbox 0 0 987 3093">
    <p class='ocr_par' dir='ltr' id='par_1_10' title="bbox 0 0 987 3093">
     <span class='ocr_line' id='line_1_35' title="bbox 0 0 987 3093; baseline 0 0"><span class='ocrx_word' id='word_1_285' title='bbox 0 0 987 3093; x_wconf 95' lang='lat' dir='ltr'> </span> 
     </span>
    </p>
   </div>
  </div>
 </body>
</html>
