1952 3093
42 107 98 143 Deus
115 105 199 142 homini
216 105 294 143 viatori
311 106 344 143 ius
361 105 388 142 ad
405 105 518 143 caelestem
535 105 678 143 hereditatem
694 104 795 143 conferre
810 105 869 148 velit,

42 177 94 223 quin
107 178 127 215 ei
138 178 182 215 iam
193 179 216 215 in
226 178 268 215 hac
280 179 324 215 vita
336 181 435 215 naturam
447 177 544 215 divinam
557 178 711 223 communicet;
724 178 748 215 in
761 177 829 216 altera
840 179 869 214 ta-

43 261 91 288 men
105 251 148 287 vita
160 251 214 288 iilud
227 251 327 288 conterre
340 251 409 295 dehet,
420 252 467 289 sine
479 261 521 295 quo
532 250 598 288 homo
610 261 654 288 non
666 253 740 295 posset
750 250 833 288 intrare
846 250 869 286 iu

43 323 191 367 hereditatem,
204 324 228 361 id
242 326 279 366 est,
293 324 396 368 sineque
410 334 454 360 non
468 326 541 367 posset
553 323 621 361 Deum
635 323 736 361 intuitive
749 323 831 362 videre.

96 396 178 439 Thesis‚
191 399 296 440 quatenus
310 396 404 439 speciale
417 396 551 446 consortium
566 395 652 433 divinae
664 398 753 434 naturae
765 399 786 434 et
799 396 870 440 ipsam

44 469 183 512 adoptionem
197 468 294 512 affirmat,
307 468 406 512 quamvis
420 468 523 512 explicita
539 469 565 506 de
579 469 620 507 hac
635 480 659 506 re
675 468 771 507 definitio
785 468 870 507 ratione

44 541 77 579 sui
88 552 132 578 non
144 541 255 586 habeatur,
267 541 360 578 dicenda
372 545 404 578 est
416 544 459 578 tam
472 541 530 578 clare
542 541 565 577 iu
578 552 594 579 s.
607 540 718 585 Scriptura
731 544 752 578 et
762 540 870 579 Traditio-

44 624 70 650 ne
84 613 164 656 doceri,
179 616 202 650 ut
216 613 244 650 sit
258 613 388 657 simpliciter
402 614 428 650 de
440 613 489 650 fide.

360 757 411 794 Doc.
428 755 549 794 Eccansraa

99 901 163 940 Cone.
175 902 234 940 Tiro.
248 913 287 939 ses.
300 902 318 945 6,
332 913 379 946 cap.
392 903 402 939 4
418 901 549 939 describitur
561 900 686 939 iustificatio
699 900 830 938 «translatio
844 900 870 938 ab

45 986 70 1012 eo
84 977 145 1017 statu,
159 975 182 1010 in
196 986 238 1018 quo
250 975 314 1012 homo
328 974 425 1011 nascitur
437 974 494 1011 filius
508 974 574 1018 primi
588 973 647 1011 Adae
660 973 683 1010 in
697 976 776 1011 statum
789 972 870 1017 gratiae

46 1050 66 1084 et
82 1047 206 1091 adoptionis
222 1047 316 1084 filiorum
325 1060 335 1083 »
343 1050 368 1084 Ἡ.
385 1045 435 1089 Cap.
452 1047 474 1084 7:
494 1050 536 1083 «ut
551 1046 579 1083 sit
594 1045 657 1083 heres
675 1045 794 1083 secundum
810 1056 871 1088 spem

46 1119 102 1156 vitae
117 1121 235 1157 aeternae»
245 1123 268 1157 ²⁸.
282 1119 337 1157 Sess.
352 1119 371 1163 5,
386 1129 433 1156 can.
449 1119 471 1156 5:
489 1119 559 1157 renati
574 1118 638 1156 «Deo
654 1117 728 1156 dilecti
743 1116 783 1154 filii
799 1116 871 1155 effecti

47 1195 101 1234 sunt,
115 1191 206 1229 heredes
220 1191 308 1236 quidem
323 1191 369 1236 Dei,
386 1191 503 1229 coheredes
519 1193 589 1228 autem
605 1189 738 1229 Christiow.

96 1264 149 1302 Prus
165 1264 183 1300 V
200 1264 310 1302 damnavit
326 1274 421 1302 errorem
436 1263 490 1309 Baii,
507 1263 543 1301 42:
563 1262 668 1301 <Iustitia
684 1272 726 1307 qua
743 1261 873 1300 iustificatur
895 1304 897 1308 ¹

47 1336 163 1380 perfidem
177 1336 278 1380 impius...
293 1347 337 1374 non
355 1334 471 1377 (consistit)
487 1335 510 1373 in
524 1334 593 1379 gratia
606 1335 678 1380 aliqua
693 1333 778 1372 animae
793 1333 872 1378 infusa,

47 1419 89 1454 qua
99 1409 215 1453 adoptatur
224 1409 289 1446 homo
300 1408 324 1445 in
333 1407 402 1445 filium
413 1408 453 1446 Dei
463 1411 484 1446 et
493 1407 612 1445 secundum
623 1406 750 1444 interiorem
760 1405 872 1443 hominem

44 1483 161 1519 renovatur
171 1490 198 1518 ac
211 1479 298 1518 divinae
311 1482 400 1517 naturae
413 1490 502 1518 consors
516 1478 627 1517 efficitur...
636 1491 646 1515 »
654 1477 710 1516 mis,

387 1674 406 1711 S,
418 1673 538 1711 Scnrrruna

98 1805 232 1844 Filiatio
255 1806 420 1850 adoptiva:
445 1807 501 1845 Usus
517 1807 584 1846 solius
600 1807 661 1846 vocis
679 1808 755 1845 «filii»
772 1820 819 1846 rem
835 1820 875 1853 per
943 1834 945 1837 -

50 1890 71 1915 sc
87 1889 131 1916 non
148 1879 238 1924 evincit;
256 1881 322 1917 immo
340 1880 387 1923 ipse
405 1880 510 1917 terminus
529 1880 636 1924 «adoptio
654 1880 767 1918 filiorum»
784 1881 839 1919 Rom
856 1881 874 1925 9,

50 1951 60 1986 4
73 1951 99 1989 de
110 1952 191 1995 populo
202 1952 321 1989 israelitico
333 1952 448 1989 adhibetur
458 1952 532 1997 ibique
544 1952 686 1996 explicandus
698 1957 729 1990 est
741 1964 805 1991 sensu
816 1954 875 1991 theo-

51 2023 138 2061 cratico.
153 2024 194 2061 Sed
211 2024 236 2061 de
253 2024 374 2062 individuis
389 2025 477 2068 adoptio
494 2035 538 2062 non
553 2024 597 2062 nisi
612 2034 676 2062 sensu
691 2025 766 2063 stricto
784 2025 874 2071 dicitur;

50 2106 98 2132 nam
111 2096 165 2133 haec
177 2097 265 2140 adoptio
278 2097 397 2134 secundum
409 2108 424 2134 s.
435 2097 524 2134 Paulum
535 2097 628 2135 includit
640 2097 674 2134 ius
685 2097 813 2135 hereditatis
827 2109 875 2135 curn

46 2166 91 2204 filio
104 2168 144 2205 Dei
159 2168 259 2206 naturali.
274 2168 329 2206 Rom
345 2169 363 2212 8,
380 2168 450 2206 12-18:
470 2169 588 2207 Christiani
604 2173 735 2213 acceperunt
751 2170 872 2218 «spiritum

51 2230 175 2284 adoptionis
184 2241 285 2284 filiorum,
296 2242 319 2278 in
331 2252 373 2286 quo
384 2242 512 2279 clamamus:
526 2241 586 2279 Abba
601 2241 679 2283 (Pater)
689 2255 699 2278 »
715 2242 742 2284 (v.
755 2242 795 2284 15).
807 2242 876 2279 Huius

49 2310 161 2350 filiationis
174 2312 222 2357 ipse
237 2312 331 2356 Spiritus
346 2313 494 2350 testimonium
509 2313 581 2350 reddit
596 2313 684 2356 spiritui
698 2316 773 2352 nostro
792 2315 819 2356 (v.
834 2313 874 2355 16).

97 2460 115 2482 2⁷
127 2457 187 2491 Denz⁴
203 2456 243 2491 796.

97 2521 116 2544 ²⁸
128 2518 187 2552 Denz.
202 2517 242 2552 799.

97 2581 116 2604 ²⁹
128 2578 187 2613 Denz.
201 2578 241 2612 792.

98 2641 115 2664 aa
129 2639 154 2668 hia
168 2639 226 2672 Denz.
242 2639 294 2672 1042.
310 2639 339 2672 Cf.
354 2650 409 2678 prop.
423 2639 454 2678 21;
469 2640 528 2672 Denz.
543 2639 594 2672 1021.
