1952 3093
360 623 448 678 PARS
467 622 641 677 SECUNDA

289 790 342 843 DE
366 789 529 844 ΗΟΜΙΝΕ
552 789 717 844 ADULTO

207 898 329 952 ANTE
363 897 798 953 iustificationum

144 1139 259 1183 Postquam
276 1139 358 1176 dietum
375 1142 406 1176 est
423 1139 449 1176 de
464 1139 616 1176 iustificatione
633 1140 656 1175 i11
673 1150 701 1183 se,
717 1139 760 1176 iam
777 1139 916 1176 consideran-

92 1211 142 1247 dum
158 1214 195 1255 est,
211 1211 320 1254 quomodo
334 1211 419 1248 adut-tus
434 1211 462 1248 ad
477 1222 524 1247 eam
539 1211 663 1254 perveniat:
681 1211 744 1248 debet
758 1212 872 1254 cooperari
889 1211 916 1248 ad

91 1282 272 1325 iustificatiouem‚
286 1284 314 1319 ad
327 1293 374 1320 eam
388 1294 411 1320 se
423 1293 561 1326 praeparare.
574 1283 621 1320 Hoo
634 1286 704 1320 autem
719 1284 770 1320 solis
784 1283 868 1320 viribus
881 1293 917 1319 na-

90 1354 196 1391 turalibus
214 1365 258 1392 non
277 1356 354 1399 potest,
372 1354 411 1392 sed
429 1354 513 1399 indiget
529 1355 612 1392 ¹auxilio
631 1355 712 1399 gratiae
732 1355 825 1393 divinae.
843 1354 869 1393 Et
886 1356 916 1392 ita

91 1426 162 1470 prima
178 1427 245 1464 sectio
261 1426 326 1464 huius
340 1427 409 1471 partis
425 1427 468 1471 agit
485 1427 510 1464 de
527 1438 558 1471 eo,
573 1427 632 1472 quod
648 1430 750 1471 peccator
766 1427 851 1464 adultus
868 1437 917 1464 cum

92 1498 173 1536 auxilio
188 1498 270 1542 gratiae
285 1499 354 1542 possit
370 1509 395 1536 ac
410 1499 493 1536 debeat.
508 1499 562 1543 Apte
576 1510 625 1536 eum
639 1499 681 1536 hac
697 1499 836 1543 coniungitur
851 1500 918 1536 attera

91 1571 196 1614 quaestio,
213 1570 318 1614 quidnam
334 1571 400 1608 homo
415 1574 518 1614 peccator
534 1571 618 1608 viribus
635 1572 679 1608 suis
697 1571 831 1608 naturalibus
848 1572 918 1614 possit

93 1645 113 1678 et
126 1652 170 1679 non
182 1643 257 1686 possit,
271 1645 292 1680 et
306 1643 384 1680 dehac
397 1643 456 1680 rein
470 1643 565 1680 secunda
578 1643 680 1680 sectione.
693 1643 748 1680 Tota
760 1652 810 1686 ergo
823 1643 918 1681 secunda

92 1724 143 1757 pars
158 1714 201 1758 agit
216 1715 241 1751 de
256 1715 344 1752 homine
358 1715 432 1752 adulto
447 1718 496 1751 ante
511 1714 693 1752 iustificationem.

442 1974 536 2014 SECTIO
556 1975 571 2013 I.

121 2083 123 2085 ¹
171 2097 242 2149 Quid
260 2099 392 2154 peccator
407 2097 518 2143 adultus
535 2109 595 2142 cum
613 2095 716 2142 auxilio
733 2095 840 2152 gratiae

323 2211 325 2215 ·
378 2188 468 2245 possit
484 2200 517 2233 ac
534 2186 633 2233 debeat

148 2355 270 2393 Secundum
286 2358 400 2393 novatores
414 2354 495 2392 saeculi
510 2354 534 2392 16
550 2355 615 2392 horno
630 2366 670 2398 per
685 2357 797 2398 peccatum
813 2353 919 2397 originale

95 2427 184 2465 omnino
199 2430 313 2470 corruptus
328 2430 365 2471 est,
380 2427 474 2464 liberum
490 2426 604 2464 arbitrium
618 2426 721 2471 perdidit,
738 2426 794 2463 nihil
809 2426 862 2463 honi
876 2425 920 2463 iam

95 2509 157 2543 agere
173 2501 251 2543 potest,
266 2499 333 2536 immo
349 2499 458 2544 quidquid
474 2498 526 2536 iacit
542 2501 575 2536 est
590 2502 710 2543 peceatum.
727 2498 781 2535 Inde
796 2500 856 2541 patet
872 2508 920 2534 eum

95 2571 123 2608 ad
136 2571 311 2611 iustificationem
325 2582 386 2609 suam
399 2571 469 2608 active
483 2570 597 2614 cooperari
609 2580 653 2607 non
666 2581 735 2614 posse,
750 2570 788 2607 sed
801 2580 859 2606 mere
873 2580 920 2613 pas·

96 2643 141 2681 sive
160 2654 182 2680 se
198 2642 279 2681 hahere
297 2643 320 2680 in
339 2643 466 2687 recipienda
483 2643 572 2680 iustitia.
589 2642 643 2680 Fide
660 2642 757 2679 fiduciali
776 2641 921 2686 apprehendit
961 2626 974 2656 Ἰ·

95 2716 172 2753 merita
187 2714 268 2753 Christi
282 2715 370 2760 eiusque
384 2715 467 2752 iustitia
479 2714 523 2758 ipsi
537 2715 662 2758 imputatur.
677 2714 741 2752 Fides
754 2713 862 2752 fiduciatis
876 2723 920 2751 non
