1952 3093
439 51 541 90 aaa*

66 180 130 212 posse
149 168 235 206 abicere
254 170 352 217 gratiam,
369 180 433 214 posse
451 170 532 214 gratiae
551 169 672 213 dissentire,
691 169 797 215 resistere,
817 181 891 208 secun-

68 245 118 281 dum
131 254 266 281 communem
278 245 367 282 modum
379 245 482 290 loquendi
495 244 611 288 significat,
622 254 686 287 posse
699 247 769 282 actum
782 244 891 283 dissensus

68 318 198 362 coniungere
211 330 260 356 cum
273 319 314 357 hae
326 320 401 363 gratia.
413 319 453 363 Qui
466 330 509 357 non
523 321 593 362 potest
606 320 710 361 actualem
724 319 846 357 dissensum
857 332 892 357 eo-

67 395 171 438 niungere
182 395 315 439 cumgratia,
325 395 390 439 idque
400 407 426 433 ex
436 396 521 433 interna
531 397 608 432 natura
616 394 680 431 huius
691 394 778 438 gratiae,
788 395 892 438 indepen-

42 476 44 480 '
68 470 143 507 denter
161 474 181 507 et
199 472 352 508 antecedenter
368 472 395 509 ad
412 471 524 516 propriam
543 471 676 514 electionem,
693 481 736 507 nou
754 472 824 514 potest
841 469 892 507 huic

68 545 148 588 gratiae
167 545 283 583 dissentire
302 547 335 583 vel
353 547 459 590 resistere,
478 547 501 583 id
520 549 550 583 est
569 556 612 582 non
631 545 696 582 habet
713 544 830 588 potentiam
851 544 892 581 dis-

69 618 187 664 sentiendi;
203 629 252 656 nam
269 621 435 664 potentiaquae
449 631 492 657 non
510 620 563 657 dicit
578 620 697 663 potentiam
713 620 741 657 ad
755 622 834 662 actum,
849 627 892 654 non

69 695 100 729 est
114 694 219 736 potentia.

121 775 200 814 Putant
212 781 284 815 tamen
295 779 409 818 Baneziani
424 780 545 817 doctrinam
557 780 583 818 de
595 779 829 822 praedeterminatione
840 779 893 821 phy-

69 849 114 886 sica
127 850 251 888 necessario
265 852 326 895 sequi
340 863 365 889 ex
379 862 479 895 supremo
493 851 589 889 dominio
602 850 648 888 Dei.
662 851 703 888 Sed
717 850 893 894 distinguendum

68 923 112 958 est:
129 922 225 966 sequitur
239 934 265 960 ex
279 924 315 961 illa
331 924 380 961 idea
396 924 486 961 dominii
499 923 546 968 Dei,
561 934 624 968 quam
639 923 682 966 ipsi
696 922 738 959 sibi
753 922 893 964 effinxerunt,

69 996 173 1038 transeat3
189 1005 215 1032 ex
230 994 268 1031 illo
283 996 380 1033 dominio
396 1006 496 1039 supremo
509 995 555 1038 Dei,
570 995 628 1040 quod
643 995 762 1032 secundum
777 995 848 1032 tontes
863 1006 894 1031 re-

70 1065 184 1103 velationis
203 1077 278 1104 revera
299 1067 388 1112 exsistit,
409 1078 469 1111 nego.
489 1066 616 1110 Supremum
637 1067 694 1104 enim
716 1067 836 1104 dominium
854 1067 893 1103 Dei

70 1138 111 1175 tale
126 1141 164 1183 est,
179 1149 228 1175 eum
243 1149 285 1183 quo
300 1150 351 1176 vera
365 1140 452 1176 libertas
468 1141 578 1176 creaturae
592 1139 693 1183 componi
708 1141 785 1182 potest.
799 1138 856 1176 Hine
870 1139 893 1175 in

70 1212 162 1247 tractatu
178 1210 209 1248 De
225 1210 270 1248 Deo
285 1215 354 1249 unul5
372 1210 476 1249 diximus:
495 1211 638 1248 «Dominium
654 1211 694 1249 Dei
709 1211 739 1248 ita
754 1210 843 1254 concipi
860 1211 894 1248 de·

70 1281 111 1323 bet.
126 1282 158 1318 uti
173 1293 249 1320 revera
264 1286 302 1327 est,
318 1293 361 1320 non
376 1283 440 1320 sicuti
453 1283 533 1327 aliquis
548 1282 589 1320 sibi
605 1286 678 1327 posset
691 1282 813 1327 imaginari.
829 1283 894 1326 Quale

70 1357 141 1391 autem
152 1365 228 1392 revera
239 1355 273 1398 sit,
285 1354 366 1398 optime
377 1355 514 1399 cognoscitur
525 1366 551 1392 ex
563 1354 659 1393 lontibus
669 1354 814 1393 revelationis.
824 1355 849 1391 ln
859 1354 894 1392 his

70 1436 121 1463 vero
136 1436 247 1471 nunquam
263 1426 384 1464 dominium
398 1427 437 1463 Dei
452 1428 494 1464 tale
509 1429 605 1471 apparet,
621 1427 679 1471 quod
692 1427 811 1471 postularet
828 1426 895 1464 deter-

70 1498 212 1536 minationem
236 1501 347 1536 creaturae
364 1498 534 1542 permotionem
560 1499 657 1536 divinam
680 1498 794 1542 physicam
819 1501 894 1536 natura

70 1570 211 1615 priusquam
228 1573 326 1607 creatura
341 1582 362 1607 se
378 1571 514 1615 determinat3
531 1582 541 1607 e
558 1573 632 1608 eontra
648 1571 769 1608 libertatem
785 1574 894 1607 creaturae

72 1642 156 1680 docent.
169 1642 244 1680 Omnis
256 1651 306 1686 ergo
318 1643 432 1685 conceptio
444 1642 534 1679 dominii
546 1642 591 1685 Dei,
603 1654 657 1687 quae
669 1653 717 1680 cum
726 1642 826 1680 libertate
838 1653 895 1680 crea-

72 1717 131 1752 turae
148 1714 250 1757 componi
268 1724 311 1751 non
328 1716 405 1757 potest,
423 1724 512 1752 erronea
528 1717 568 1758 est;
586 1715 615 1751 ita
632 1725 716 1759 quoque
733 1725 822 1752 erronea
841 1718 896 1751 esset

71 1797 95 1823 ea
106 1786 221 1829 conceptio
233 1785 325 1823 dominii
334 1786 380 1829 Dei,
390 1797 415 1822 ex
426 1796 467 1830 qua
477 1785 545 1830 logice
556 1789 681 1830 sequeretur
689 1785 894 1830 praedeterminatio

71 1858 163 1901 physica
178 1869 203 1895 ex
216 1861 293 1895 natura
308 1868 345 1894 sua
358 1857 403 1894 sive
417 1857 443 1894 ab
457 1857 575 1896 intrinseco
591 1857 678 1902 etlicax,
692 1869 741 1895 eum
754 1858 808 1895 haec
821 1868 895 1895 seeun-

72 1930 122 1967 dum
142 1930 200 1967 dieta
216 1930 314 1967 illaesam
332 1940 376 1967 non
395 1929 526 1973 relinqueret
542 1929 664 1968 libertatem
681 1933 775 1967 creatam
783 1942 801 1966 ».
818 1930 843 1966 In
861 1930 896 1966 his

71 2000 234 2046 mraestionihus
251 2002 297 2038 sola
314 2001 398 2038 ratIone
413 2000 531 2044 procedere
546 2002 692 2045 periculosum
710 2005 747 2045 est,
765 2005 786 2039 et
800 2001 855 2039 ratio
872 2001 894 2038 in

71 2073 116 2111 suis
134 2073 316 2117 inquisitionibus
334 2075 355 2111 et
373 2072 554 2116 explicationibus
573 2084 658 2122 semper
675 2074 768 2118 regulari
788 2073 851 2111 debet
868 2073 896 2110 iis

71 2156 126 2190 quae
142 2144 245 2183 revelatio
261 2144 358 2188 praebet.
372 2144 464 2181 tntimus
479 2144 576 2182 detectus
591 2145 655 2182 huius
672 2145 794 2189 systematis
810 2145 896 2182 videtur

73 2228 119 2254 esse
131 2217 275 2255 methodicos
291 2215 435 2253 «Adversarii
450 2226 462 2252 a
476 2216 545 2260 priori
561 2216 646 2260 tingunt
661 2217 753 2262 aliquem
768 2219 895 2261 conceptum

71 2289 111 2327 Dei
128 2289 206 2326 summi
225 2288 308 2325 domini
326 2287 434 2331 primique
450 2287 520 2332 liberi,
538 2299 630 2333 quocum
648 2289 773 2326 exsistentia
789 2288 895 2326 libertatis

72 2365 156 2398 creatae
171 2363 262 2405 pugnat;
279 2369 328 2403 ergo
344 2358 415 2396 simile
430 2359 506 2396 vitium
520 2359 667 2398 methodicum
683 2360 821 2398 committunt
834 2363 896 2406 atquc

73 2432 262 2475 Occasionalistae,
275 2432 313 2476 qui
327 2441 375 2467 eum
391 2434 518 2474 conceptum
530 2431 571 2468 Dei
585 2442 661 2470 causae
676 2432 759 2475 primae
773 2433 896 2475 efformant.

73 2505 108 2542 cui
124 2504 197 2542 omnis
215 2505 320 2547 repugnet
337 2502 451 2539 causalitas
470 2505 547 2547 ereata,
564 2504 597 2540 vel
616 2504 680 2541 etiam
698 2504 841 2547 Pantheistae,
859 2505 896 2549 qut
