1952 3093
409 83 531 120 -397-

839 209 879 233 rso.

53 263 120 296 rhesis
134 263 166 296 13:
182 264 248 296 iustus
266 264 320 296 omni
336 267 354 296 et
371 264 413 296 solo
431 268 509 302 peccato
528 264 608 296 mortali
626 263 725 295 iustitiam
744 262 820 294 amittit
845 261 879 293 252

53 325 121 358 Thesis
134 324 167 357 rt:
182 324 331 357 Perseverantia
345 324 415 356 finalis
428 327 457 357 est
471 332 565 363 magnum
579 324 614 356 Dei
629 324 703 356 donum
732 349 735 355 .
774 349 777 355 .
816 348 820 354 .
846 321 880 354 266

13 383 15 385 ’
54 385 121 418 Thesis
135 385 167 418 15:
183 386 249 418 Iustus
266 386 308 418 sine
326 385 407 424 speciali
425 385 460 417 Dei
478 385 581 424 privilegio
599 395 638 417 non
658 388 721 423 potest
739 386 758 416 in
779 387 821 416 tota

101 447 196 480 suavita
216 447 283 479 omnia
303 449 380 484 peccata
401 446 487 478 venialia
506 447 568 478 vitare
607 472 610 478 .
648 472 652 478 .
690 472 694 477 .
732 471 736 477 .
765 451 778 477 ’.
807 471 820 489 .·
847 445 880 476 266

174 566 241 598 Secrm
260 566 282 598 ll.
301 585 325 589 -
342 566 369 598 De
388 566 457 598 merito
523 590 821 598 ........
847 564 880 596 276

55 652 122 683 Tiresis
136 651 169 684 16:
185 651 308 683 lustificatus
321 651 378 683 honis
392 652 490 690 operibus,
504 662 553 691 qnae
567 652 592 684 al)
605 662 627 684 eo
641 661 675 690 per
688 652 722 683 Dei
737 653 820 689 gratiam

103 715 121 744 et
139 712 183 744 Iesu
200 711 273 744 Christi
291 712 383 743 meritum
405 712 470 748 (cuius
489 713 556 744 rivum
575 711 684 744 membrum
704 712 740 749 est)
762 711 821 749 fiunt,

102 782 146 805 vere
158 775 244 805 meretur
258 775 384 810 augmentum
398 773 478 811 gratiae,
493 773 555 805 vitam
569 775 669 805 aeternam
683 775 702 804 et
717 772 780 810 ipsius
793 772 821 803 vi-

102 837 134 866 tae
157 836 248 866 aeternae
267 833 294 871 (si
311 835 377 865 tamen
396 834 416 865 in
433 834 496 871 gratia
520 833 631 870 decesserit)
656 833 821 869 consecutionem,

102 898 161 935 atque
174 895 235 927 etiam
248 894 322 933 gloriae
337 897 464 932 augmentum
484 918 823 926 .........
849 893 882 925 272

56 956 126 989 Utrum
138 956 203 989 solum
216 959 343 994 augmentum
357 955 437 993 gloriae,
450 966 474 987 an
489 956 548 987 etiam
563 956 627 994 prima
641 955 704 994 gloria
718 956 744 987 sit
758 954 821 988 obiec-

103 1020 146 1050 tum
159 1016 225 1049 meriti
275 1041 446 1049 .....
465 1037 466 1040 =
484 1041 822 1048 .........
848 1015 882 1048 282

57 1079 98 1118 Quo
111 1087 170 1111 sensu
184 1087 234 1116 opus
248 1078 371 1110 meritorium
385 1077 488 1116 procedere
503 1077 572 1109 debeat
586 1087 609 1109 ex
625 1077 664 1109 fide
693 1102 696 1109 .
735 1103 738 1109 ,
777 1103 780 1109 .
819 1103 822 1109 .
849 1076 882 1110 283

57 1139 127 1172 Utrum
141 1141 195 1171 actus
207 1138 320 1171 meritorius
332 1138 435 1177 procedere
448 1137 517 1170 debeat
529 1147 552 1170 ex
565 1138 647 1170 caritate
690 1152 697 1170 ·.
735 1164 738 1169 .
777 1163 780 1170 .
819 1163 822 1169 .
848 1137 882 1170 286

57 1200 128 1233 Utrum
141 1202 268 1238 augmentum
280 1199 354 1237 gratiae
369 1198 514 1231 sanctificantis
529 1198 598 1231 statim
611 1198 725 1230 conferatur
777 1224 780 1230 .
819 1224 823 1230 .
849 1198 882 1230 287

57 1261 84 1293 ne
103 1260 148 1293 aurs
168 1260 254 1294 obiectis.
269 1260 334 1292 meriti
603 1249 606 1254 '
849 1259 883 1291 293

380 1421 440 1453 PARS
457 1420 555 1460 QUARTA

232 1513 234 1517 ’
299 1508 331 1543 De
345 1486 429 1543 n‘atura
442 1504 532 1553 gratiae
546 1506 646 1549 actualis
695 1530 699 1536 -
737 1530 740 1537 -

34 1629 36 1632 ¹
61 1638 128 1670 Tiresis
142 1638 174 1670 lt:
190 1637 270 1670 Auxilia
283 1637 369 1670 actualia
383 1638 458 1676 gratiae
472 1638 561 1669 internae
576 1641 623 1670 sunt
637 1637 764 1670 immediatae
780 1638 826 1670 illu-

108 1699 213 1732 strationes
233 1697 345 1730 intellectus
365 1701 383 1730 et
403 1698 541 1751 inspirationis
562 1698 678 1736 voluntatis,
703 1701 722 1730 et
746 1699 826 1737 quidem

108 1762 163 1793 actus
180 1762 223 1791 tum
241 1758 366 1791 indeliberati
384 1762 428 1791 tum
446 1751 549 1791 deliberati
613 1784 826 1791 ......
852 1759 886 1791 298
910 1753 912 1756 ’

61 1820 162 1860 Quomodo
181 1820 258 1853 oriatur
276 1822 330 1852 actus
349 1819 629 1863 eutitativesupernaturalis
649 1820 669 1852 in
689 1820 769 1852 homine
787 1830 825 1852 non

106 1881 205 1914 >instructo
221 1879 324 1913 habitibus
341 1879 414 1912 infusis
488 1905 826 1913 .........
852 1881 886 1914 307

61 1942 88 1975 De
100 1941 165 1981 gratia
177 1941 249 1974 actuali
262 1941 283 1974 in
296 1940 376 1973 homine
387 1940 490 1972 habitibus
503 1941 688 1978 supernaturalibus
701 1942 797 1974 instructo
823 1967 826 1973 .
853 1942 887 1974 315

61 2003 88 2035 De
100 2003 197 2035 divisione
210 2002 284 2040 gratiae
298 2001 381 2034 actualis
405 2026 827 2035 ...........
853 2002 886 2035 317

388 2165 449 2198 PARS
465 2164 557 2204 QUINTA

348 2252 380 2289 De
393 2250 502 2288 efficacia
515 2251 604 2298 gratiae
656 2276 827 2284 .....
853 2251 888 2284 324

62 2382 129 2415 Thesis
144 2383 176 2415 18:
191 2384 213 2415 ln
231 2385 284 2416 statu
302 2385 384 2415 naturae
402 2383 469 2421 lapsae
487 2384 545 2415 datur
561 2386 580 2415 et
596 2384 660 2421 gratia
676 2393 720 2416 vere
738 2387 757 2416 et
775 2393 827 2417 mere

111 2444 222 2483 sufficiens,
238 2446 257 2476 et
274 2443 337 2482 gratia
353 2443 433 2482 efficax,
450 2453 500 2482 quac
517 2444 538 2475 in
556 2447 600 2476 actu
617 2444 681 2483 primo
699 2444 829 2478 infallibilem

110 2505 252 2538 connexionem
268 2514 313 2537 cum
331 2507 375 2537 actu
393 2504 477 2536 salutari
494 2503 553 2536 hahet
615 2530 828 2538 ......
854 2506 888 2539 627

65 2566 132 2599 Tiresia
146 2565 178 2599 19:
193 2565 290 2598 Efficacia
307 2565 381 2603 gratiae
399 2574 462 2604 neque
479 2574 513 2603 per
529 2565 763 2603 praedeterminationem
780 2566 829 2606 phy-

48 2644 50 2647 ·
111 2627 178 2666 sicam,
194 2636 257 2666 neque
273 2636 308 2666 per
324 2625 474 2658 delectationem
491 2626 591 2658 victricem
609 2627 725 2666 explicanda
742 2630 778 2667 est,
795 2628 829 2661 sed

112 2698 140 2727 eo,
158 2688 211 2728 quod
229 2688 281 2721 Dens
298 2687 359 2721 talem
378 2686 455 2719 homini
474 2687 507 2720 dat
525 2687 615 2725 gratiam,
634 2688 713 2727 qualem
732 2690 769 2722 scit
787 2699 829 2722 esse

111 2757 223 2788 congruam,
240 2749 271 2782 cui
288 2748 348 2782 homo
364 2748 474 2781 consentiat
532 2774 829 2783 ........
854 2750 888 2783 343
