1952 3093
396 20 505 57 ...75-

39 141 67 180 rii
78 140 235 185 pictaviensis),
249 141 307 178 unde
321 140 458 185 Sancyranns
483 141 611 185 appellatus.
620 141 658 179 ille
672 141 784 180 doctrinas
797 141 866 179 iense·

40 214 116 252 nianas
130 215 216 250 strenue
231 213 383 258 propugnavit,
398 216 420 251 et
433 213 498 251 etiam
514 213 619 250 moniales
633 214 710 251 Portus
726 213 788 258 Regii
807 212 867 255 (Pori

43 286 125 330 norat),
136 297 189 330 quas
201 286 294 330 regebat,
305 287 340 323 his
352 286 462 324 erroribus
474 287 551 323 infecit
562 287 622 330 adeo,
633 290 657 324 ut
668 287 719 325 Port
731 287 799 331 Royal
811 286 870 331 prin·

43 359 120 404 cipalis
129 359 235 404 quaedam
246 360 308 397 sedes
320 359 448 397 Iansenismi
462 360 518 410 lacta
531 359 564 397 sit.
577 359 627 396 Post
639 360 684 398 eius
696 362 786 398 mortem
801 358 869 401 (1643)

41 433 79 471 An
88 433 96 468 t
104 442 137 470 on
147 432 153 468 i
162 443 175 469 u
184 443 193 469 s
211 432 228 469 A
237 442 247 469 r
255 442 268 468 n
278 432 304 469 al
313 433 347 469 du
356 444 365 469 s
377 432 399 469 in
414 433 460 470 eius
473 433 545 470 locum
559 433 663 469 successit
680 433 764 474 [auctor
777 433 829 470 libri
844 433 870 470 de

44 505 149 549 frequenti
165 503 332 549 communione),
346 508 443 542 mortuus
458 505 520 549 1694;
536 516 584 542 eum
599 508 684 543 secutus
700 509 732 544 est
746 506 871 543 Pascha-

43 578 105 615 sins
125 577 163 621 Qu
172 590 183 614 e
191 588 200 614 s
209 588 222 614 n
232 578 263 621 el,
276 578 390 622 presbyter
404 577 495 615 oratorii
509 578 631 615 berulliani.
646 577 677 615 Ex
692 579 738 615 eius
752 589 817 622 opere
832 578 869 616 101
921 568 923 571 ⁵

44 651 203 694 propositiones
217 651 319 688 collectae
335 654 390 695 sunt,
405 661 459 695 quae
475 661 486 687 a
501 649 610 688 Clemente
624 650 663 692 ill„
678 651 735 688 bulla
751 650 871 694 «Unigeni-

44 727 75 760 tus
85 735 94 759 »
104 723 123 760 8.
133 722 190 767 Sept.
201 724 252 761 171ss
264 724 377 761 damnatae
388 726 443 760 sunt.
453 723 480 760 Et
488 735 537 760 cnm
548 733 601 767 syn
610 734 622 760 ο
632 723 684 760 dus
701 723 870 761 Pistorien-

44 796 85 832 sis
99 805 183 833 errores
197 796 336 833 iansenianos
350 799 487 839 restauraret,
502 797 603 833 damnata
617 800 648 833 est
661 807 673 833 a
685 796 723 833 Pio
736 795 776 839 VI.⁵
791 796 816 833 28
831 796 871 832 Au·

43 868 97 912 gusti
113 869 170 912 1794,
187 868 344 921 Constitutione
360 869 492 908 «Auctorem
507 870 557 908 fidei
567 883 587 915 »;
602 871 666 910 Denr.
682 873 740 911 1501,
