1952 3093
378 29 499 65 —141-

24 155 132 191 mereatur
149 150 341 196 participationem
359 152 448 187 naturae
467 149 561 192 divinae,
578 149 740 194 generationem
758 159 784 186 ex
800 148 852 191 Deo,

24 229 151 267 filiationem
168 229 299 273 adoptivam,
316 230 337 266 et
353 227 384 265 ita
399 227 542 265 hereditatem
559 228 615 265 vitae
633 231 739 265 aeternae.

26 438 46 471 n.
60 436 131 469 Adultus
143 435 209 468 actibus
221 435 302 468 virtutum
314 434 336 467 nd
348 434 486 468 ludificationem
499 442 607 475 praeparare,
620 435 710 475 disponere
722 443 741 467 se
754 434 808 467 debet.

9 542 12 548 ⁸
75 553 199 591 Affirmatur
218 552 333 596 dispositio
351 552 446 596 positiva
463 562 530 596 eaque
547 552 635 589 moralis
653 555 675 589 et
692 552 724 589 sic
742 552 853 589 intellecta

2 649 3 652 ¹
25 633 79 669 haec
90 642 142 676 pars
155 634 188 668 est
201 630 227 668 de
238 630 290 675 fide;
303 632 376 667 utrum
387 630 425 667 isti
438 632 499 667 actus
513 630 578 667 etiarn
591 630 636 667 sint
650 630 764 674 dispositio
779 629 853 674 physi-

26 720 57 753 ca,
71 709 246 752 controvertitur,
259 719 302 753 qna
315 708 341 745 de
355 718 378 745 re
391 718 461 751 pauca
474 708 497 744 in
511 707 554 745 fine
567 707 632 745 huius
646 708 721 752 partis.

344 953 396 990 Doc.
408 952 530 990 Eccnnsraa

80 1109 144 1148 Coae.
155 1119 306 1147 raronnrnvnm
316 1111 345 1145 m:
360 1108 434 1153 Capite
447 1110 458 1146 5
471 1109 515 1153 agit
527 1109 553 1146 dc
566 1109 694 1146 necessitate
705 1108 853 1153 praeparatio·
877 1148 879 1150 ,

27 1182 61 1219 nis
77 1182 105 1219 ad
120 1181 305 1227 iustificationem3
321 1181 422 1219 homines
438 1181 519 1225 gratiae
536 1182 576 1218 Dei
591 1181 661 1219 libere
676 1180 815 1218 assentiendo
833 1182 854 1218 et

27 1254 165 1297 cooperando
179 1254 207 1291 ad
221 1264 281 1291 suam
295 1253 394 1297 ipsorum
408 1252 584 1291 iustificationem
599 1253 751 1297 disponuntur.
765 1252 792 1290 Et
807 1263 853 1289 sen-

27 1326 117 1363 tentiam
128 1325 253 1369 oppositam
267 1325 355 1362 damnat
367 1335 414 1362 can.
427 1325 450 1362 4:
466 1324 508 1363 «Si
521 1325 570 1369 quis
583 1325 669 1368 dixerit,
680 1325 773 1362 liberum
785 1324 854 1361 homi-

27 1398 62 1434 nis
74 1397 189 1434 arbitrium
200 1408 213 1434 a
224 1397 269 1434 Deo
282 1400 364 1435 motum
377 1400 397 1434 et
410 1397 527 1434 excitatum
538 1397 594 1434 nihil
608 1397 722 1441 cooperari
736 1397 854 1434 assentien-

29 1469 56 1506 do
69 1469 114 1506 Deo
130 1469 234 1506 excitanti
249 1471 312 1513 atque
327 1468 421 1512 vocanti,
434 1480 477 1513 quo
492 1468 522 1506 ad
535 1468 677 1506 obtinendam
693 1467 854 1506 iustificationis

27 1541 118 1584 gratiam
130 1552 152 1579 sc
166 1540 268 1584 disponat
280 1543 343 1585 atque
356 1543 477 1584 praeparet,
491 1551 560 1585 neque
572 1551 636 1584 posse
651 1540 773 1584 dissentire,
787 1540 806 1577 si
818 1551 854 1577 ve-

27 1612 58 1656 lit,
71 1612 109 1650 sed
122 1613 180 1649 velut
192 1600 289 1649 inanime
303 1612 413 1657 quoddam
426 1612 482 1649 nihil
494 1613 584 1650 omnino
596 1622 661 1656 agere
673 1623 773 1656 moreque
785 1612 854 1656 passi-

27 1695 53 1721 ve
67 1695 89 1721 se
104 1684 195 1721 habere:
212 1684 237 1722 A.
253 1684 273 1721 S.
281 1696 300 1721 >>.
316 1683 367 1722 Can.
383 1684 394 1720 5
411 1684 525 1722 damnatur
541 1684 648 1721 sententia
664 1693 745 1728 negans
759 1684 853 1721 liberum

27 1756 142 1793 arbitrium
152 1766 280 1800 permanere
291 1759 341 1799 post
350 1756 409 1793 Adae
420 1759 540 1800 peccatum.
549 1755 661 1800 —Capite
671 1756 682 1794 a
695 1756 800 1793 describit
809 1766 854 1793 mo-

29 1827 80 1865 dum
94 1827 269 1871 praeparationis
284 1828 431 1866 enumerando
446 1828 519 1866 varios
534 1830 594 1866 actus
608 1828 632 1865 in
646 1828 685 1865 illa
700 1830 850 1866 occurrentes:

27 1899 80 1937 fides
94 1899 222 1944 dogmatica,
235 1900 301 1937 timor
314 1900 410 1937 iustitiae
424 1900 471 1943 Dei,
486 1911 534 1943 spes
548 1901 571 1936 in
586 1900 738 1937 misericordia
751 1900 798 1943 Dei,
813 1900 854 1936 ini-

28 1971 82 2008 tium
95 1971 220 2009 dilectionis
230 1971 277 2017 Dei,
289 1971 373 2009 aversio
383 1982 397 2009 a
409 1975 506 2016 peccato,
518 1972 659 2015 poenitentia,
672 1972 810 2016 propositum
822 1984 855 2010 re-

28 2042 126 2086 cipiendi
138 2043 277 2087 baptismum,
289 2054 357 2080 novae
369 2044 425 2081 vitae
438 2046 459 2081 et
471 2043 629 2081 observationis
642 2044 801 2082 mandatorum.
813 2044 854 2081 Ad-

29 2114 109 2152 duntnr
123 2115 196 2158 plures
212 2117 283 2152 textus
298 2126 315 2152 s¹
333 2115 457 2159 Scripturae
473 2115 552 2160 quihus
568 2115 622 2152 haec
639 2115 741 2153 doctrina
756 2116 854 2153 enuntia-

28 2188 69 2224 tur.
81 2186 109 2224 Ut
121 2198 147 2223 ex
158 2186 254 2225 historia,
263 2187 352 2224 concii-ii
365 2190 450 2225 constat
461 2187 571 2225 declarare
581 2198 625 2224 non
636 2188 705 2225 voluit
717 2198 792 2227 omnes
804 2188 854 2225 illos

27 2260 88 2295 actus
103 2261 152 2295 ante
166 2269 252 2295 ornnem
266 2259 441 2296 iustificationem
454 2271 500 2296 esse
514 2260 649 2296 necessarios
657 2263 682 2296 1².
697 2260 803 2304 Opposita
818 2260 854 2297 do-

28 2330 99 2366 ctrina
112 2332 172 2366 actus
184 2331 233 2367 illos
246 2341 290 2368 non
303 2331 373 2367 solum
386 2341 430 2368 non
442 2342 488 2368 esse
501 2331 667 2374 dispositionem
680 2332 707 2368 ad
720 2332 854 2369 iustificatio-

29 2411 84 2444 nem‚
98 2401 136 2438 sed
148 2404 243 2445 peccata,
257 2402 372 2440 damnatur
385 2413 433 2439 can.
447 2403 458 2439 7
474 2406 494 2439 et
508 2403 526 2439 9.
542 2402 592 2440 Can.
607 2403 630 2440 9:
649 2403 690 2441 «Si
705 2404 753 2447 quis
767 2404 854 2447 dixerit,

77 2616 136 2648 11Ct,
155 2616 233 2654 Hefner,
252 2616 497 2656 Entstehungsgeschichte
515 2625 559 2656 pag.
579 2617 663 2651 138-164.

77 2679 95 2701 ¹2
108 2676 186 2714 Hefner,
202 2676 242 2709 154.
257 2676 286 2709 Cf.
300 2677 317 2709 S.
331 2676 366 2709 Th.
381 2677 398 2716 3,
413 2687 431 2717 q.
446 2677 475 2717 85,
491 2688 507 2710 a.
523 2678 539 2711 5.
