1952 3093
399 89 520 148 Λ-357-

94 207 208 245 Praeterea
224 208 298 244 eadem
314 208 382 252 gratia
398 211 468 252 potest
483 220 508 245 ex
523 220 545 247 se
561 209 635 247 efficax
650 220 697 247 esse
712 209 734 246 in
750 219 801 252 uno,
815 220 869 253 quae

43 283 74 318 est
92 279 191 317 inefficax
209 280 231 316 in
249 280 323 318 altero.
342 281 364 318 Si
381 282 439 319 Dens
457 282 514 319 hanc
532 282 623 325 gratiam
641 282 707 336 alicui
723 281 808 320 homini
827 281 869 323 dat,

44 353 84 391 scit
98 363 146 390 eam
159 352 267 390 efficacem
281 364 327 391 esse
341 354 364 390 in
377 354 419 391 hoc
434 354 529 399 homine,
543 365 586 392 non
602 366 648 393 esse
663 336 771 392 efficacem
784 355 807 391 in
821 354 869 398 illo;

43 435 93 469 ergo
106 425 148 462 scit
160 425 217 463 hanc
230 426 321 469 gratiam
333 426 356 463 in
368 426 410 464 hoe
423 427 511 476 homine
525 438 571 465 esse
585 427 688 465 maiorem
701 438 765 472 quam
778 426 869 464 liberam

44 498 188 536 resistentiam
202 497 299 535 hominis
315 509 404 543 eamque
421 510 466 536 esse
482 499 598 544 victuram3
614 500 715 538 similiter
732 500 757 538 de
774 499 817 537 alio
833 499 871 537 ho-

44 571 102 608 mine
119 570 160 607 scit
177 570 267 608 eandem
285 571 376 614 gratiam
393 572 499 609 minorem
516 583 562 610 esse
580 583 644 617 quam
661 572 752 610 liberam
770 572 871 610 resisten-

44 644 95 692 tiam
108 642 211 687 hominis‚
224 653 313 687 eamque
326 653 369 681 non
382 655 428 682 esse
440 647 596 687 superaturam.
608 645 670 683 Unde
684 644 806 689 explicatur
817 644 871 682 haec

44 714 167 753 infallibiHs
181 715 279 759 scientia,
294 726 336 759 qua
350 716 407 753 Deus
421 717 462 754 scit
476 716 540 753 aliam
557 717 689 754 decisionem
704 720 816 755 creaturae
828 727 871 753 me-

44 787 157 831 taphysice
175 788 283 825 exclusam
301 788 361 825 esse?
377 774 454 826 Libera
470 788 553 826 decisio
568 792 679 827 creaturae
696 790 718 826 in
734 789 796 833 signo
813 792 871 826 ante-

45 860 134 897 cedente
149 859 177 897 ad
191 859 238 897 eius
253 860 380 898 electionem
394 861 437 898 iarn
451 860 538 898 deberet
553 872 599 899 esse
615 861 756 900 determinate
770 872 827 905 vera,
841 873 872 899 se·

45 943 83 970 cus
99 941 143 969 non
160 935 191 969 est
208 931 349 970 determinate
365 932 528 976 cognoscibilis3
546 936 605 970 aetus
622 936 692 971 autem
708 933 824 979 liberfnon
840 936 872 971 est
907 928 909 932 ⁴

46 1003 187 1042 determinate
201 1014 265 1042 verus
280 1004 303 1040 in
319 1005 378 1042 omni
393 1005 454 1049 signo
470 1005 611 1043 antecedente
626 1005 672 1042 eius
688 1005 845 1043 futuritionem.

97 1076 201 1120 Tandem,
215 1076 234 1113 si
249 1077 362 1114 delectatio
376 1077 456 1114 victrix
469 1077 565 1115 absolute
578 1078 700 1115 necessaria
714 1078 787 1115 estad
801 1080 872 1115 actum
916 1105 918 1109 -

36 1149 167 1193 salutarem,
186 1148 325 1186 delectationi
344 1159 387 1186 non
407 1149 494 1187 victrici
513 1149 596 1194 aliquid
616 1149 681 1193 deest,
699 1149 757 1194 quod
776 1149 872 1187 absolute

46 1221 192 1258 necessarium
208 1224 239 1258 est
254 1202 366 1259 adactum
381 1232 406 1259 ex
421 1224 482 1264 parte
497 1221 603 1265 principii
617 1222 737 1265 operantis;
752 1231 802 1265 ergo
818 1221 873 1259 dele-

47 1293 112 1331 ctatio
127 1303 171 1331 non
186 1293 266 1330 victrix
281 1304 325 1330 non
339 1296 371 1330 est
384 1293 452 1337 gratia
467 1304 517 1331 vere
532 1293 647 1331 sufficiens.

97 1364 210 1403 Accedunt
222 1365 358 1403 difficultates
371 1377 396 1403 ex
408 1365 514 1403 sententia
526 1366 733 1409 praedestinationis
744 1366 772 1403 ad
782 1365 874 1409 gloriani

47 1437 145 1481 praecise
161 1440 258 1481 sumptae
274 1440 323 1475 ante
339 1438 439 1481 praevisa
453 1437 539 1481 merita3
556 1438 614 1481 quod
630 1437 675 1475 sola
691 1436 771 1475 caritas
786 1436 814 1474 sit
828 1446 874 1480 gra-

47 1509 86 1554 tia;
101 1509 159 1554 quod
174 1520 260 1553 semper
273 1509 338 1546 homo
353 1509 457 1546 maiorem
472 1509 637 1546 delectationem
651 1502 756 1554 sequatur
767 1511 807 1546 etc.

100 1581 156 1625 Ergo
168 1580 263 1619 efficacia
274 1581 356 1625 gratiae
366 1581 496 1624 explicanda
506 1591 550 1618 non
562 1585 594 1618 est
604 1591 643 1624 per
655 1580 820 1618 delectationem
831 1580 879 1627 vic3

48 1653 131 1691 tricem.

49 1869 77 1907 lll.
91 1871 169 1912 system
181 1872 279 1908 molinisml.

102 1977 130 2015 Ut
144 1978 227 2021 integra
244 1977 343 2014 doctrina
357 1977 380 2013 in
396 1980 439 2015 toto
455 1988 493 2014 suo
508 1986 607 2014 connexu
622 1976 732 2019 habeatur,
748 1987 793 2012 rem
809 1975 875 2012 simili

50 2049 114 2087 inodo
130 2060 269 2093 exponamus,
284 2050 316 2086 uti
330 2042 358 2085 in
368 2051 460 2086 tractatu
474 2049 505 2086 De
519 2049 565 2086 Deo
579 2058 622 2086 uno
637 2048 703 2085 relate
717 2048 744 2085 ad
759 2047 877 2091 praedesti-

51 2121 160 2159 nationem
176 2125 196 2159 et
210 2122 386 2166 reprobationem
402 2122 526 2158 fecimusa.
542 2121 566 2157 ln
582 2121 691 2164 praesenti
708 2120 785 2157 ordine
802 2119 877 2158 salutis

51 2196 149 2231 creatura
159 2194 311 2231 intellectualis
321 2194 403 2231 elevata
414 2196 445 2230 est
455 2194 478 2229 in
488 2192 587 2230 ordinem
599 2193 794 2236 supernaturalem
806 2192 877 2236 quoad

51 2264 150 2303 homines
170 2265 262 2304 habetur
280 2268 394 2309 peccatum
415 2266 520 2310 originale
541 2268 561 2302 et
582 2265 703 2307 redemptio
724 2275 765 2307 per
783 2263 877 2301 Verbum

51 2336 199 2382 lncarnatum;
217 2337 354 2375 determinati
370 2338 391 2374 in
409 2338 450 2374 hoc
466 2337 543 2375 ordine
559 2337 635 2374 vivunt
650 2336 720 2380 angeli
736 2340 757 2375 et
771 2336 877 2373 homines.

51 2408 108 2446 Deus
122 2410 206 2447 sincere
219 2411 265 2447 vult
279 2410 376 2447 omnium
391 2410 504 2447 hominum
518 2410 614 2452 salutem,
628 2409 743 2453 tamquam
752 2407 843 2452 gratiam
856 2407 878 2443 fl-

51 2480 87 2518 liis
98 2481 138 2519 Dei
150 2493 189 2526 per
201 2482 272 2520 Iesum
284 2481 393 2520 Christum
406 2480 577 2519 misericorditer
589 2480 725 2525 promissam,
737 2484 757 2518 et
769 2483 878 2524 tamquam

52 2554 174 2592 mercedem
191 2565 217 2592 ex
234 2554 304 2598 ipsius
320 2554 360 2591 Dei
377 2547 522 2597 promissione
539 2553 604 2590 bonis
621 2553 720 2596 ipsorum
737 2551 840 2596 operibus
858 2555 879 2588 et
