1952 3093
386 8 388 12 ’
457 33 579 69 -212-

108 157 134 193 do
144 159 223 191 131-
235 155 285 192 Can.
296 155 331 192 19:
346 167 356 190 «
366 154 388 191 Si
397 155 446 198 quis
458 154 543 197 dixerit,
554 154 610 190 nihil
620 157 760 196 praeceptum
773 164 818 191 esse
829 154 852 189 in
864 153 932 189 Evan-

107 228 161 271 gelio
176 227 346 270 praeternam,
361 230 432 263 cetera
446 238 492 264 esse
506 226 663 270 indifferentia,
677 237 746 270 neque
760 229 883 268 praecepta,
897 236 932 262 rie-

107 311 147 344 que
162 299 279 343 prohibita,
295 299 333 336 sed
346 299 422 342 libera,
438 302 473 336 aut
490 299 564 335 decem
574 301 696 342 'praecepta
710 298 767 334 nihil
781 298 890 341 pertinere
905 298 932 335 ad

108 371 253 409 Christianos:
267 371 291 409 A.
305 371 324 408 S.
333 383 351 407 >>.
362 394 390 397 —
404 371 454 408 Can.
467 370 503 408 20:
520 371 562 408 «Si
574 370 622 415 quis
635 370 745 407 hominem
759 369 898 406 iustificatum
913 374 933 406 et

106 444 263 487 quantumlibet
278 443 399 486 perfectum
416 443 496 480 dixerit
510 453 554 480 nou
570 442 639 479 teneri
653 443 682 479 ad
697 442 857 479 observantiam
873 452 931 478 man-

108 516 206 552 datorum
220 516 261 552 Dei
278 519 299 552 et
314 514 431 559 Ecclesiae,
448 515 486 552 sed
501 517 585 551 tantum
602 514 629 551 ad
646 514 785 557 credendum,
802 514 931 558 quasivero

106 587 246 631 Evangelium
258 588 285 626 'stt
296 588 355 624 nuda
368 591 388 624 et
397 588 495 624 absoluta
507 587 624 629 promissio
635 587 692 623 vitae
705 589 810 629 aeternae,
822 586 870 623 sine
882 596 932 622 con-

108 659 190 697 ditione
205 659 363 696 observationis
379 660 541 696 mandatorum:
559 658 582 695 A.
599 658 618 695 S.
627 671 645 695 ».
660 681 688 685 —-
704 658 755 696 Can.
770 657 806 695 21:
825 658 867 695 «Si
883 659 932 702 quis

107 731 193 775 dixerit,
204 730 313 768 Christum
323 731 393 768 Iesum
404 743 416 768 a
426 732 470 768 Deo
481 730 607 767 hominihus
618 730 691 766 datum
702 731 768 767 tuisse
776 734 801 767 ut
811 731 931 773 redempto-

107 814 159 842 rem,
172 803 208 839 cui
221 802 295 846 fidant,
308 814 352 840 non
367 804 432 840 etiarn
444 805 467 839 ut
479 803 624 845 legislatorem
640 803 675 838 cui
689 802 803 839 obediant:
820 802 843 839 A.
859 802 931 839 S.»³².

443 1054 462 1090 S.
478 1053 598 1090 Semproni

163 1203 261 1242 Christus
275 1204 343 1247 legem
359 1214 419 1240 suam
433 1203 524 1246 exponit
540 1204 562 1239 in
578 1214 677 1240 sermone
692 1206 795 1240 montano
810 1203 877 1240 Matth
893 1203 933 1239 5-7.

107 1297 135 1302 —-
145 1276 163 1320 7,
176 1275 212 1312 21:
227 1276 293 1313 «Non
306 1276 383 1319 omnis,
394 1276 431 1319 qui
446 1275 500 1312 dicit
512 1276 573 1318 mihi,
585 1275 683 1319 Domine,
696 1275 795 1318 Domine,
806 1276 897 1312 intrabit
909 1276 932 1311 in

109 1357 198 1391 regnum
210 1348 324 1391 caelorum,
336 1348 374 1384 sed
386 1348 423 1391 qui
435 1347 488 1384 tacit
499 1348 630 1384 voluntatem
641 1346 711 1384 Patris
723 1347 772 1390 mei,
783 1347 821 1391 qui
831 1347 855 1384 in
868 1347 933 1384 caelis

110 1421 147 1463 est,
160 1420 208 1463 ipse
219 1419 310 1456 Intrabit
322 1419 346 1455 in
359 1429 448 1462 regnum
460 1419 569 1456 caelorum
577 1432 595 1455 >>.
610 1418 641 1456 Cf.
655 1420 673 1462 7,
687 1419 719 1456 24.
732 1441 760 1446 ω
770 1418 837 1456 Matth
851 1419 882 1462 19,
895 1419 930 1455 17:

110 1504 121 1526 κ
131 1491 152 1528 Si
170 1494 241 1528 autem
255 1491 288 1527 vis
305 1491 333 1528 ad
349 1491 415 1527 vitam
431 1491 523 1534 ingredi,
541 1502 603 1528 serva
618 1491 746 1528 mandata».
762 1513 790 1517 —
805 1491 828 1528 Io
846 1491 877 1534 13,
895 1491 930 1527 34:

111 1563 253 1599 «Mandatum
265 1574 344 1599 novum
357 1563 383 1599 do
396 1563 469 1599 vobis:
483 1566 507 1598 ut
520 1563 614 1606 diligatis
627 1562 728 1606 invicem,
741 1562 797 1599 sicut
811 1563 877 1599 dilexi
889 1574 933 1605 vos,

109 1638 133 1671 ut
146 1638 166 1671 et
179 1645 217 1671 vos
233 1635 327 1678 diligatis
341 1635 436 1672 invicem
445 1648 463 1672 ».
476 1657 504 1661 —
516 1635 539 1671 Io
554 1635 585 1679 14,
600 1634 635 1671 15:
652 1634 694 1672 «Si
709 1634 800 1677 diligitis
814 1646 858 1672 me:
875 1644 934 1671 man-

111 1708 160 1743 data
172 1718 218 1743 mea
230 1711 313 1744 servate
322 1720 339 1742 ».
351 1707 382 1744 Cf.
396 1708 427 1750 14,
438 1708 469 1744 21.
482 1707 516 1751 23;
530 1708 561 1751 15,
573 1708 604 1745 10.
616 1707 647 1743 12.
660 1707 691 1745 14..
701 1731 729 1734 -
740 1707 806 1744 Matth
817 1707 849 1751 28,
862 1707 886 1744 18
894 1717 932 1743 ss:

111 1779 183 1815 «Data
195 1782 226 1815 est
238 1779 293 1815 mibi
305 1779 376 1816 omnis
387 1781 483 1822 potestas
495 1779 589 1820 incaelo
602 1781 622 1815 et
634 1779 657 1814 in
669 1782 735 1824 terra3
747 1781 823 1816 euntes
836 1789 885 1823 ergo
898 1779 934 1816 do-

110 1855 155 1889 cete
172 1862 246 1888 omnes
263 1855 343 1895 gentes,
360 1851 494 1894 baptizantes
512 1863 568 1888 eos..
587 1852 688 1888 docentes
706 1863 741 1889 eos
759 1863 845 1888 servare
862 1851 936 1889 omnia

110 1933 257 1971 quaecumque
268 1923 372 1959 mandavi
385 1923 448 1960 vohis
456 1935 475 1960 >>.

165 1994 219 2031 Rom
235 1996 253 2038 7,
270 1995 292 2031 6:
312 1994 480 2032 «Nunc-autem
497 1995 561 2032 soluti
576 2005 648 2032 sumus
666 1996 739 2039 alege
755 1996 838 2039 mortis,
853 1996 878 2031 ‚in
893 2006 935 2039 qua

113 2066 268 2110 detinebamur,
282 2067 312 2104 ita
323 2069 347 2103 ut
359 2067 478 2103 serviamus
491 2067 514 2102 in
528 2068 623 2104 novitate
638 2067 734 2111 spiritus,
749 2070 769 2104 et
782 2078 826 2104 non
840 2067 863 2104 111
877 2071 935 2104 vetu-

111 2141 164 2175 state
177 2137 289 2175 litterae».
305 2138 337 2176 Cf.
351 2138 369 2182 8,
384 2138 408 2176 12
425 2150 453 2176 ss.
467 2160 495 2165 —
507 2138 623 2182 -Apostolus
640 2142 672 2176 est
686 2140 728 2175 «in
743 2140 789 2182 lege
806 2138 905 2176 Christi»
923 2139 933 2175 1

112 2209 154 2247 Cor
165 2210 183 2253 9,
195 2209 227 2247 21.
238 2232 266 2237 -
277 2209 315 2249 Gal
326 2210 345 2254 5,
357 2210 381 2247 13
393 2221 421 2247 s.:
436 2209 498 2247 «Vos
510 2211 567 2247 enim
578 2211 601 2247 in
612 2211 734 2247 libertatem
745 2211 817 2248 vocati
829 2211 880 2249 estis
892 2211 934 2247 tra⁴

111 2285 165 2318 tres:
181 2283 264 2318 tantum
276 2293 303 2320 ne
316 2282 438 2319 libertatem
451 2283 473 2319 111
486 2283 626 2320 occasionem
640 2283 695 2320 detis
708 2282 787 2326 carnis,
799 2283 838 2320 sed
850 2294 890 2327 per
902 2294 935 2321 ca-

112 2354 198 2391 ritatem
212 2353 306 2397 Spiritus
320 2354 399 2391 servite
413 2354 514 2390 invicem.
529 2354 604 2392 Omnis
615 2354 676 2392 enim
690 2355 725 2392 lex
739 2355 762 2391 in
776 2365 820 2392 uno
836 2364 936 2400 sermone

111 2425 224 2468 impletur:
243 2425 324 2469 Diliges
340 2426 464 2478 proximum
481 2428 540 2462 tuum
557 2427 613 2463 sicut
628 2429 650 2463 te
664 2427 736 2470 ipsum
744 2439 763 2463 >>.
778 2426 859 2465 —Gal
874 2427 892 2471 6,
909 2426 932 2463 2:

112 2498 190 2534 «Alter
206 2498 293 2535 alterius
309 2509 374 2536 onera
390 2502 481 2542 portate,
498 2502 518 2535 et
534 2499 565 2535 sic
582 2499 729 2542 adimplebitis
743 2499 812 2542 legem
829 2498 936 2537 Christi».

936 2573 938 2598 1

159 2633 178 2654 31
192 2629 201 2660 2
214 2629 259 2660 Petr
270 2630 285 2662 1.
296 2630 324 2661 10.
335 2648 359 2652 —
368 2630 420 2661 Denz
432 2630 472 2662 804.
937 2599 938 2610 ¹

136 2709 137 2713 ,
160 2693 178 2714 ³2
191 2689 243 2720 Denz
256 2690 290 2721 829
302 2699 335 2726 ss.;
350 2690 374 2721 ct.
387 2690 429 2728 863;
444 2690 483 2722 864.
