1952 3093
431 65 553 107 -319-

74 190 177 236 perfecta,
191 201 234 226 non
250 189 329 233 deerat,
343 188 430 233 quando
445 189 530 226 dicebat
542 189 646 226 Domino:
663 188 763 225 Animam
777 198 847 226 meam
861 198 901 231 pro

74 268 94 302 te
106 272 187 306 ponam
195 265 212 286 ⁶1
220 262 255 298 bis:
272 261 361 306 putabat
375 261 433 299 enim
447 273 469 298 se
483 272 553 305 posse,
568 261 627 305 quod
641 272 663 298 se
679 261 733 299 velle
748 260 861 298 sentiebat.
876 258 902 296 Et

75 334 122 381 quis
137 335 200 372 istam
215 335 255 371 etsi
268 344 358 377 parvam
372 334 423 371 dare
437 337 539 378 coeperat
551 334 669 377 caritatem,
684 333 727 370 nisi
741 334 777 371 ille
791 334 828 378 qui
841 343 902 377 prae-

75 410 137 453 parat
151 407 290 451 voluntatem,
307 409 327 444 et
343 406 482 450 cooperando
498 406 589 450 perficit,
606 406 664 450 quod
681 406 792 450 operando
809 404 902 450 incipit?

75 479 181 524 Quoniam
193 480 241 523 ipse
254 482 277 517 ut
290 479 381 532 velimus
394 481 496 521 operatur
508 479 624 522 incipiens,
638 479 676 523 qui
688 478 811 516 volentibus
824 488 901 522 coope-

75 555 135 590 ratur
146 551 268 595 perfieiens.
282 551 375 595 Propter
388 552 446 596 quod
460 551 490 588 ait
502 551 629 594 Apostolus:
646 551 721 589 Certus
736 562 783 588 sum
798 550 901 596 quoniam

76 624 112 669 qui
126 626 229 668 operatur
241 624 264 660 in
277 623 340 661 vohis
353 628 408 667 opus
420 622 509 667 honum,
523 623 620 666 perficiet
634 634 700 668 usque
713 624 736 659 in
750 624 808 660 diem
821 622 901 661 Christi

75 698 154 734 resuta
167 696 196 734 Ut
207 705 257 739 ergo
270 696 368 741 velimus,
382 696 429 733 sine
443 695 506 733 nohis
520 699 631 739 operatur;
647 706 696 732 cum
711 699 782 733 autem
795 696 900 737 volumus,

76 773 96 805 et
110 769 141 805 sic
155 768 253 805 volumus
268 771 291 805 ut
305 767 417 811 faciamus,
432 767 546 804 nobiscum
560 771 699 811 cooperatur:
715 772 786 804 tamen
801 768 848 805 sine
864 768 901 803 illo

76 840 109 877 vel
121 842 224 884 operante
236 842 260 877 ut
271 839 369 884 velimus,
381 841 415 876 vel
427 844 557 883 cooperante
571 850 619 877 eum
631 840 735 882 volumus,
749 840 776 877 ad
788 839 846 877 bona
858 839 902 883 pie-

76 912 125 950 tatis
139 923 205 955 opera
218 912 276 948 nihil
287 912 389 949 valemus.
401 912 433 948 De
446 914 549 955 operante
564 912 601 948 illo
614 915 638 948 ut
650 911 747 955 velimus,
761 912 843 949 dictum
857 914 899 966 est:

76 985 132 1022 Deus
146 987 177 1021 est
190 983 248 1021 enim
259 984 296 1028 qui
310 987 413 1028 operatur
424 984 447 1020 in
461 984 522 1021 vobis
536 987 556 1021 et
569 984 630 1021 velle.
643 984 674 1020 De
687 987 818 1027 cooperante
831 986 902 1020 autem

78 1067 126 1093 eum
138 1056 182 1092 iam
194 1056 293 1093 volumus
306 1059 327 1092 et
339 1056 432 1093 volendo
444 1056 547 1093 facimus:
562 1055 652 1101 Scimus,
664 1056 741 1100 inquit,
755 1055 858 1100 quoniam
872 1055 902 1092 di-

76 1127 192 1171 ligentibus
208 1128 276 1165 Deum
292 1128 365 1164 omnia
383 1131 528 1171 cooperantur
545 1128 567 1164 in
585 1128 685 1165 bonum»
695 1131 718 1164 ⁶³.
734 1127 754 1165 S.
771 1127 902 1171 Augustinus

77 1199 162 1237 videtur
179 1209 228 1243 ergo
244 1200 365 1243 intelligere
381 1201 472 1243 gratiam
488 1203 614 1243 operantem
631 1211 684 1243 eam,
701 1210 755 1244 quae
771 1201 905 1237 voluntatem

78 1275 173 1309 nostram
191 1273 306 1315 antecedit,
324 1276 477 1315 cooperantem
495 1283 547 1315 eam,
566 1283 620 1316 quae
637 1283 686 1309 eum
703 1276 777 1309 nostra
794 1272 903 1309 voluntate

78 1348 215 1388 cooperatum
229 1348 249 1381 et
262 1355 316 1389 quae
330 1349 440 1387 praeterea
454 1345 519 1387 iuvaty
533 1348 555 1381 ut
569 1355 623 1388 opus
635 1344 726 1381 volitum
740 1345 804 1381 etiam
817 1354 903 1382 exsecu-

77 1418 130 1453 tioni
147 1417 215 1454 detur.
258 1460 259 1463 Ἴ

131 1488 150 1526 S.
162 1488 257 1526 Tironis
268 1489 325 1526 hanc
339 1489 469 1526 divisionem
482 1489 578 1533 applicat
590 1492 610 1526 et
623 1490 651 1526 ad
661 1489 753 1532 gratiam
766 1489 871 1526 actualem
884 1492 904 1525 et

79 1561 106 1597 ad
118 1560 260 1599 habitualem:
278 1560 370 1597 «Gratia
384 1561 501 1604 dupliciter
514 1564 585 1604 potest
598 1561 700 1606 intelligi;
713 1572 757 1599 uuo
770 1561 834 1598 modo
850 1560 904 1609 divi—

79 1643 129 1669 num
141 1633 252 1676 auxilium,
264 1633 322 1677 quod
334 1644 374 1670 nos
385 1636 457 1670 movet
469 1633 496 1670 ad
506 1633 561 1670 bene
571 1634 688 1671 volendum
700 1637 720 1670 et
732 1634 848 1677 agendum
861 1633 903 1670 alio

56 1740 58 1743 ,
78 1706 141 1742 modo
150 1705 260 1742 habituale
270 1706 350 1742 donum
360 1705 422 1743 nobis
433 1706 538 1742 divinitus
546 1705 647 1743 inditum.
655 1705 751 1749 Utroque
761 1708 831 1742 autem
839 1705 904 1742 modo

78 1778 146 1818 gratia
160 1777 217 1814 dicta
231 1777 387 1815 convenienter
400 1777 507 1815 dividitur
519 1788 559 1821 per
572 1781 698 1821 operantem
712 1781 732 1815 et
744 1781 904 1821 cooperantem.

132 1849 234 1893 Operatio
245 1850 305 1887 enim
319 1850 410 1887 alicuius
422 1849 512 1887 effeetus
524 1860 567 1888 non
582 1849 706 1888 attribuitur
719 1850 795 1889 mobili
809 1850 848 1887 sed
861 1861 904 1887 mo·

79 1922 147 1965 venti;
160 1922 182 1958 in
195 1922 232 1960 illo
246 1932 295 1966 ergo
308 1922 393 1965 effectu,
404 1922 427 1958 in
440 1933 483 1966 quo
496 1933 556 1959 mens
570 1925 643 1960 nostra
657 1925 688 1960 est
700 1925 757 1960 mota
770 1926 790 1959 et
804 1932 846 1959 non
861 1933 904 1959 mo-

80 2003 137 2037 vens,
151 1995 208 2031 solus
222 1997 292 2031 autem
304 1994 361 2032 Deus
374 2005 469 2038 movens,
483 1995 580 2038 operatio
593 1996 638 2032 Deo
652 1995 785 2039 attribuitur;
798 1998 818 2032 et
830 2005 904 2032 seeun-

81 2066 130 2103 dum
143 2067 184 2104 hoe
197 2067 277 2104 dieitur
289 2067 358 2110 gratia
371 2077 471 2111 operans.
483 2068 509 2104 In
521 2067 559 2105 illo
573 2070 644 2104 autem
657 2066 742 2113 effectu,
755 2069 778 2103 iu
790 2078 832 2112 quo
844 2076 905 2104 mens

79 2142 152 2175 nostra
163 2142 183 2175 et
194 2141 266 2176 movet
276 2143 296 2176 et
306 2141 410 2182 movetur,
421 2139 519 2182 operatio
529 2149 573 2177 non
586 2139 654 2176 solum
666 2139 792 2176 attribuitur
803 2140 853 2182 Deo,
867 2139 904 2175 sed

82 2210 145 2247 etiam
160 2211 250 2254 animae,
264 2215 287 2248 et
301 2210 420 2248 seeundum
434 2211 476 2248 hoe
492 2210 572 2248 dicitur
586 2210 655 2255 gratia
671 2222 797 2255 cooperans

131 2281 171 2319 Est
183 2285 253 2320 autem
267 2283 290 2319 in
304 2283 368 2321 nobis
383 2283 462 2326 duplex
476 2286 547 2320 actus:
563 2283 647 2326 primus
661 2283 750 2327 quidem
764 2283 856 2321 interior
870 2295 905 2320 vo-

80 2353 174 2399 luntatis,
186 2358 206 2391 et
215 2358 318 2400 quantum
328 2355 356 2392 ad
365 2354 430 2391 istum
440 2358 511 2392 aetum
523 2356 622 2393 voluntas
632 2366 654 2393 se
664 2355 730 2393 habet
740 2359 763 2393 ut
773 2359 837 2400 mota,
848 2356 904 2393 Deus

81 2428 150 2463 autem
162 2431 185 2464 ut
198 2437 293 2470 movens,
308 2429 328 2464 et
341 2428 467 2470 praesertim
482 2439 530 2464 eum
545 2428 644 2465 voluntas
658 2428 737 2471 incipit
749 2428 831 2465 honum
844 2428 905 2472 velle,

130 2613 145 2633 ε]
154 2609 178 2638 bis
191 2610 212 2641 10
226 2610 254 2649 13,
267 2609 295 2642 37.

130 2673 146 2694 ⁸2
160 2669 205 2701 Phil
218 2670 235 2709 1,
248 2670 264 2702 6.

129 2733 146 2754 ⁶⁸
159 2729 209 2762 Rom
222 2731 238 2768 8,
251 2730 279 2762 28.
292 2749 316 2752 —
327 2731 354 2762 De
367 2730 431 2767 gratia
443 2732 462 2762 et
474 2730 535 2761 libero
549 2730 631 2763 arbitrio
645 2730 672 2769 17,
686 2730 717 2769 33;
732 2731 765 2763 ML
777 2731 805 2771 44,
818 2731 857 2764 901.
