1952 3093
389 312 440 351 Doc.
454 311 575 351 Ecccusrnu

121 472 249 516 qurcuuus,
267 481 315 515 cap·
333 472 356 508 5:
378 470 449 508 «Ideo
468 470 548 516 utique,
566 471 617 515 quia
634 474 778 515 praeparatur
795 472 895 508 voluntas

69 557 82 584 a
94 544 204 582 Domino⁸
224 547 245 589 et
258 543 347 581 utboni
361 543 444 588 aliquid
457 546 527 588 agant,
540 543 638 587 paternis
652 543 834 587 inspirationibus
849 553 896 580 suo-

70 628 117 655 rum
133 616 180 661 ipse
194 616 263 661 tangit
279 615 347 654 corda
359 615 472 653 filiorum»
481 619 497 653 ⁹.
510 638 538 643 —-
552 615 603 659 Cap.
620 616 642 654 6:
662 616 738 653 «Deus
754 616 776 652 in
793 615 896 653 cordibus

70 689 183 727 bominum
199 692 262 734 atque
277 689 300 725 in
315 689 363 732 ipso
377 687 447 726 libero
462 691 564 732 operetur
578 688 722 727 arbitrio»1⁰.

77 751 79 755 ¹
121 762 288 805 autonomon,
305 770 352 798 cam
367 761 389 798 4:
408 760 449 798 Per
463 760 536 799 Sancti
552 760 646 805 Spiritus
661 761 795 799 infusionem
812 764 832 798 et
848 771 897 804 ope·

71 834 186 879 rationem;
200 835 344 878 praeparatur
355 834 455 871 uoluntas
470 833 598 879 aDomin03
613 843 661 871 can.
675 834 698 871 5:
712 832 753 870 Per
765 834 847 877 gratiae
861 831 897 874 do}

70 917 128 950 num,
143 906 167 943 id
182 910 214 944 est
227 916 267 950 per
280 906 448 949 inspirationem
463 905 556 949 Spiritus
573 905 646 943 Sancti
662 906 806 950 corrigentem
822 903 896 943 volun·

69 981 134 1016 tatem
150 981 255 1024 nostram;
273 988 320 1015 can.
337 978 359 1016 6:
377 977 418 1015 Per
433 978 567 1016 infusionem
583 981 602 1016 et
618 978 786 1022 inspirationem
802 977 895 1021 Spiritus

69 1050 142 1088 Sancti
158 1050 181 1087 in
199 1049 262 1088 uobis
278 1049 302 1087 fit
317 1053 341 1087 ut
358 1050 472 1087 credamus
489 1053 538 1095 etc.;
557 1060 604 1088 can.
620 1051 643 1087 7:
662 1060 706 1087 non
723 1060 838 1094 possumus
855 1059 895 1093 per

69 1125 157 1160 naturae
170 1123 267 1166 vigorem
280 1122 362 1159 bonum
375 1122 464 1167 aliquid,
479 1123 538 1167 quod
551 1123 579 1160 ad
593 1123 683 1160 salutem
698 1122 798 1166 pertinet,
814 1122 894 1166 absque

70 1194 229 1232 illuminatione
244 1198 265 1232 et
279 1194 423 1238 inspiratione
439 1195 532 1238 Spiritus
546 1195 629 1240 Sancti;
644 1205 692 1232 can.
707 1195 730 1232 8:
748 1205 811 1232 nemo
826 1197 897 1238 potest

71 1266 98 1304 ad
112 1266 229 1304 Dominum
244 1267 325 1310 venire,
341 1267 384 1303 nisi
401 1278 464 1311 quern
479 1266 543 1304 Pater
559 1268 672 1305 attraxerit
679 1270 703 1305 1¹.

124 1338 189 1377 Cone.
206 1347 364 1382 rnronurruuru,
384 1349 431 1383 cap.
450 1339 472 1377 5:
494 1339 614 1377 Exordium
631 1338 792 1377 iustificationis
812 1349 897 1376 sumen-

71 1411 122 1448 dum
135 1413 168 1449 est
183 1422 195 1448 a
209 1411 249 1448 Dei
264 1411 339 1455 gratia,
353 1411 395 1448 hoc
410 1414 441 1449 est
457 1411 483 1448 ab
500 1412 545 1450 eius
561 1411 684 1457 vocatione;
701 1412 758 1448 Deus
774 1412 843 1455 tangit
859 1421 897 1448 cor

70 1482 166 1520 bominis
181 1494 221 1527 per
235 1482 328 1527 Spiritus
345 1483 418 1520 Sancti
433 1483 625 1529 illuminationem
641 1494 688 1527 cap.
704 1483 726 1521 ὃς
744 1483 777 1521 Ad
791 1483 896 1521 iustitiam

70 1555 215 1599 disponuntur
230 1557 319 1593 excitati
335 1556 410 1593 divina
424 1557 493 1600 gratia
508 1559 529 1594 et
544 1556 618 1600 adiuti,
634 1556 699 1594 fidem
715 1568 740 1594 ex
757 1556 832 1593 auditu
847 1566 896 1593 con-

71 1627 161 1672 cipiunt,
175 1627 244 1665 libore
257 1630 371 1666 moventur
384 1628 407 1664 in
423 1628 491 1665 Deum
499 1631 523 1666 1².

121 1700 174 1738 Prus
191 1700 209 1737 V
226 1701 314 1738 damnat
330 1711 414 1738 errores
431 1700 485 1743 nan,
501 1712 542 1738 err.
559 1700 595 1738 63:
616 1701 677 1738 «Sed
694 1704 714 1738 et
729 1702 767 1738 illa
784 1701 896 1738 distinctio

70 1771 164 1815 duplicis
180 1772 282 1816 iustitiae,
299 1772 394 1817 alterius,
411 1783 465 1817 quae
480 1772 504 1809 fit
520 1784 560 1816 per
577 1773 681 1817 Spiritum
698 1772 794 1810 caritatis
810 1772 895 1810 inhabi-

70 1846 157 1888 tantem,
169 1843 263 1889 altcrius,
274 1855 329 1889 quae
340 1844 364 1882 fit
374 1856 400 1882 ex
410 1844 554 1888 inspiratione
566 1845 654 1889 quidem
667 1844 760 1889 Spiritus
773 1844 846 1882 Sancti
859 1855 897 1882 cor

70 1916 97 1953 ad
112 1917 269 1960 poenitentiam
284 1917 406 1962 excitantis,
422 1917 459 1954 sed
474 1918 571 1954 nondum
587 1928 624 1955 cor
638 1917 781 1955 inhabitantis
797 1920 818 1955 et
833 1918 855 1954 in
872 1928 896 1955 eo

70 1989 181 2027 caritatem
197 1988 347 2033 diffundentis,
363 2000 405 2033 qua
421 1989 508 2027 divinae
523 1972 577 2033 legis
593 1989 716 2027 iustificatio
733 1990 854 2035 impleatur,
870 1991 896 2027 si·

70 2060 150 2099 militer
162 2062 279 2099 reicitur».
290 2084 318 2089 »-
329 2060 376 2098 Err.
388 2061 424 2099 64:
440 2061 513 2099 altem
526 2065 547 2099 et
559 2062 596 2099 illa
610 2061 721 2099 distinctio
736 2062 830 2106 duplicis
843 2062 897 2099 vivi-

69 2131 183 2176 ficationis,
198 2133 292 2176 alterius,
305 2143 348 2178 qua
360 2132 482 2170 vivificatur
493 2136 601 2177 peccator,
618 2133 668 2171 dum
682 2132 701 2171 ei
715 2134 862 2178 poenitentiae
876 2138 896 2172 et

71 2205 126 2243 vitae
144 2217 213 2244 novae
229 2206 365 2250 propositum
383 2208 403 2243 et
419 2205 531 2242 inchoatio
549 2217 589 2249 per
605 2206 645 2243 Dei
663 2206 754 2250 gratiam
770 2206 896 2251 inspiratur,

71 2277 164 2321 alterius,
176 2276 218 2322 qua
229 2277 357 2320 vivificatur,
369 2277 467 2322 quivere
479 2277 608 2315 iustificatur
620 2281 640 2315 et
650 2279 732 2322 palmes
743 2278 805 2316 vivus
816 2278 839 2316 in
852 2279 895 2317 vite

70 2347 155 2387 Christo
169 2350 266 2394 efficitur,
279 2349 362 2393 pariter
373 2348 521 2386 commentitia
533 2352 565 2386 est
577 2353 598 2387 et
611 2349 730 2394 Scripturis
742 2350 832 2389 minime
846 2361 895 2388 con-

70 2437 214 2446 ...Μ

119 2498 126 2520 '⁸
141 2496 190 2527 Prov
203 2496 220 2533 8,
232 2495 263 2531 35:
278 2495 328 2526 LXX.

119 2560 126 2580 ³
139 2555 192 2587 Denz
206 2556 245 2587 134.

120 2619 136 2640 10
149 2616 201 2648 Denz
215 2616 254 2649 135.

119 2679 135 2700 11
149 2677 201 2708 Denz
215 2676 248 2709 177
265 2685 290 2709 ss,

118 2739 135 2760 1²
148 2736 201 2768 Dcnz
215 2736 248 2769 797
260 2735 283 2769 ss
