1952 3093
425 16 533 53 „67-

67 145 114 172 mae
131 135 261 179 integritatis
279 135 411 174 adiutorium
428 137 459 173 sic
477 137 593 175 adiuvabat
608 138 747 183 voluntatem,
764 141 788 176 ut
806 148 855 176 cum
872 148 896 175 eo

66 209 193 251 operaretur
201 207 249 252 ipsa
258 208 276 246 si
284 209 357 255 vellet3
368 219 426 246 nunc
436 211 507 247 autem
515 210 587 253 ipsum
598 210 730 248 adiutorium
740 211 794 249 facit
803 213 827 248 ut
835 210 893 249 velit.

67 280 113 318 Hoc
127 284 163 324 est,
177 281 309 318 adiutorium
321 286 370 319 ante
383 282 469 319 ruinam
483 286 528 320 erat
541 284 589 327 tale,
600 288 624 321 ut
637 283 731 322 influxus
745 284 849 322 adiutorii
861 295 896 329 pe-

68 353 130 390 rinde
143 356 206 399 atque
217 355 334 392 voluntatis
347 356 369 391 in
382 366 443 399 opus,
457 356 543 399 abipso
556 356 637 394 liberae
651 357 767 394 voluntatis
779 360 832 394 nutu
845 367 897 400 pen-

68 426 133 470 deret,
146 427 243 472 adeoque
256 428 314 464 salva
326 431 422 465 maneret
435 418 472 466 illa
483 428 590 466 libertatis
603 429 626 466 in
640 433 752 474 utramque
764 432 848 474 partem
861 429 897 466 fle·

67 498 142 536 xihilis
156 499 316 537 indifferentia:
334 511 392 538 nunc
405 511 456 538 vero
470 504 520 545 post
534 502 619 539 ruinam
634 503 675 539 tale
690 506 727 545 est,
742 506 765 539 ut
780 503 847 540 faciat
861 512 896 539 an-

68 582 140 616 nuere,
157 576 178 609 et
192 572 282 610 influere
298 577 318 610 et
332 574 386 611 velle
402 574 541 612 voluntatem.
556 574 594 611 Est
608 575 666 612 cnim
682 574 842 613 observandum
860 575 896 612 du·

68 644 132 688 plicis
148 646 233 688 generis
252 657 297 683 esse
315 646 423 683 adiutoria
440 647 567 692 voluntatis;
586 658 635 684 nam
654 648 713 685 aliud
732 648 839 685 eiusmodi
859 650 896 688 est,
959 657 960 660 ’

5 739 7 742 <
68 717 115 754 sine
127 728 169 762 quo
184 718 283 755 voluntas
297 719 352 756 velle
366 729 409 756 non
423 719 498 764 possit,
513 721 545 757 sic
559 724 630 757 tamen
645 724 668 757 ut
682 721 737 758 velle
751 723 771 758 et
786 721 849 763 nolle,
865 719 896 757 uti
964 764 966 767 7

68 790 101 828 vel
112 801 155 828 non
168 791 200 828 uti
213 791 328 836 adiutorio,
342 793 364 828 in
377 792 423 829 eius
436 792 505 830 libero
517 792 653 836 relinquatur
665 793 766 830 arbitrio:
783 793 896 837 aliudque

68 862 96 908 fit,
114 863 255 901 determinate
271 867 294 901 ut
310 864 408 902 voluntas
426 864 483 902 velit.
499 864 536 902 Est
553 866 610 902 enim
628 865 686 902 illius
704 868 799 909 naturae,
816 868 839 902 ut
855 865 897 902 hoc

69 936 117 979 ipso
132 947 174 981 quo
189 937 294 974 voluntati
311 937 380 980 datur,
395 938 509 974 confestim
523 937 595 974 velit...
611 938 653 975 hoc
668 938 716 981 ipso
732 948 774 982 quo
791 937 854 974 datur
870 937 897 973 si-

68 1008 111 1045 mul
129 1019 180 1046 usus
199 1010 244 1045 eius
262 1012 282 1046 et
299 1008 393 1046 influxus
411 1010 523 1052 potestatis
543 1010 611 1047 datur.
630 1009 667 1046 Est
686 1010 744 1047 enim
762 1009 804 1047 hoc
821 1010 893 1053 ipsum

37 1115 39 1117 .
68 1081 126 1125 quod
140 1085 215 1125 suapte
228 1081 324 1119 efficacia
336 1082 389 1119 iacit
402 1082 492 1119 influere
507 1083 637 1126 facultatem,
651 1093 691 1120 nec
706 1082 814 1119 facultatis
827 1082 897 1125 ipsius

68 1154 137 1191 libero
154 1154 267 1192 arbitratui
283 1155 385 1197 subiacet,
401 1156 438 1192 sed
454 1155 535 1192 invicte
552 1155 605 1192 facit
620 1158 643 1192 ut
657 1155 699 1192 hoc
717 1155 750 1192 vel
766 1154 824 1192 istud
842 1154 897 1191 arbi-

69 1227 133 1263 trium
148 1227 264 1264 arbitretur
276 1231 297 1264 et
309 1227 361 1264 velit
368 1240 378 1263 »
388 1232 412 1264 ²1.
427 1227 540 1265 «Alterum
555 1228 659 1265 adiutorii
674 1237 740 1271 genus
755 1230 792 1269 est,
806 1237 855 1271 quo,
870 1226 897 1262 si-

69 1300 112 1336 mul
125 1310 149 1336 ac
161 1299 234 1337 datum
244 1300 316 1343 fuerit,
327 1299 350 1337 fit
361 1299 457 1343 effectus
470 1304 489 1338 et
501 1302 519 1337 si
531 1311 574 1337 non
586 1300 649 1338 detur
660 1310 770 1344 nunquam
781 1299 823 1337 fiet.
834 1298 897 1336 Nem·

69 1382 95 1414 pe
107 1372 157 1415 quia
170 1374 240 1409 tantae
254 1372 389 1410 necessitatis
403 1376 440 1416 est,
453 1376 476 1409 ut
489 1372 536 1410 sine
550 1373 588 1410 illo
602 1383 645 1410 non
659 1372 729 1416 possit
742 1370 831 1409 effectus
843 1370 897 1412 fieri,

69 1447 182 1489 tantaeque
196 1445 310 1488 efficaciae,
323 1450 346 1483 ut
358 1445 400 1482 hoc
413 1445 461 1489 ipso
473 1456 515 1489 quo
530 1445 598 1487 datur,
612 1444 716 1482 continuo
729 1444 771 1481 fiat.
784 1444 825 1481 Dat
839 1444 896 1480 enim

70 1517 133 1554 simul
147 1520 168 1554 et
182 1529 245 1561 posse
261 1520 282 1555 et
295 1517 381 1561 operari
390 1521 434 1555 »²2.

122 1589 209 1627 Nullum
220 1599 270 1633 ergo
282 1590 344 1627 datur
356 1593 405 1633 post
416 1590 500 1634 lapsum
514 1590 618 1627 auxilium
630 1590 683 1635 quin
697 1589 760 1626 simul
772 1588 846 1627 efficax
859 1589 896 1632 sit;

70 1662 118 1699 aliis
129 1662 212 1699 verbis:
228 1673 271 1699 non
285 1662 347 1699 datur
357 1663 425 1705 gratia
437 1673 487 1700 vere
500 1666 520 1699 et
531 1673 589 1700 mere
603 1661 711 1700 sufficiens
726 1661 781 1704 (Lib.
794 1662 811 1704 3,
825 1672 872 1705 cap.
884 1661 893 1698 1

71 1734 113 1777 ss).
123 1733 162 1771 Est
173 1734 279 1779 quaedam
290 1735 407 1772 voluntatis
419 1734 540 1778 infirmitas,
553 1745 595 1779 qua
607 1745 651 1771 non
664 1737 735 1778 potest
746 1737 817 1771 certas
829 1736 896 1770 tenta-

70 1806 140 1843 tiones
149 1817 257 1850 superare,
268 1817 308 1844 nec
318 1806 378 1844 adest
387 1807 455 1850 gratia
465 1817 506 1851 qua
517 1810 651 1850 superentur,
662 1817 702 1844 neo
713 1805 807 1854 Spiritus
818 1806 896 1844 oratio-

70 1878 109 1921 nis,
122 1889 164 1923 quo
176 1879 233 1917 vires
243 1879 388 1922 impetrentur
402 1879 458 1922 (cap.
467 1879 506 1920 13).
516 1892 526 1914 «
535 1878 593 1916 Haec
605 1879 672 1922 igitur
683 1878 756 1916 omnia
769 1879 895 1922 plenissime

70 1951 238 1995 planissimeque
253 1952 407 1994 demonstrant,
422 1951 477 1988 nibil
491 1962 536 1988 esse
550 1952 572 1988 in
586 1952 655 1988 sancti
668 1950 782 1994 Augustini
798 1951 897 1988 doctrina

71 2023 150 2061 certius
164 2034 189 2061 ac
205 2023 322 2067 fundatius,
338 2034 401 2068 quam
417 2034 462 2060 esse
476 2026 592 2067 praecepta
606 2023 718 2067 quaedam,
734 2032 788 2067 quae
804 2022 897 2060 homini-

70 2094 109 2132 bus
121 2106 164 2133 non
176 2099 259 2133 tantum
271 2095 401 2139 infidelibus,
414 2096 542 2138 excoecatis,
554 2095 673 2138 obduratis,
686 2095 724 2133 sed
734 2094 834 2132 fidelibus
847 2105 897 2139 quo—

70 2178 110 2210 que
124 2172 145 2206 et
158 2168 226 2212 iustis,
240 2168 368 2211 volentibus,
381 2167 510 2206 conantibus
525 2168 643 2205 secundum
656 2169 780 2211 praesentes
794 2177 847 2211 quas
861 2166 897 2203 ha-

70 2239 121 2278 bent
133 2242 196 2284 vires,
211 2245 259 2278 sunt
271 2240 425 2285 impossibilia3
439 2241 512 2278 deesse
524 2250 608 2284 quoque
621 2240 719 2284 gratiam,
732 2238 837 2284 quatiant
850 2249 898 2282 pos-

71 2313 153 2351 sibilia:
167 2314 209 2351 hoc
222 2314 279 2351 enim
292 2314 361 2351 sancti
374 2313 431 2350 Petri
444 2314 542 2356 exemplo
555 2312 647 2356 aliisque
659 2311 732 2349 multis
745 2311 842 2355 quotidie
855 2321 898 2347 ma-

70 2385 172 2423 nifestum
184 2396 236 2428 esse,
248 2386 285 2430 qui
296 2388 406 2423 tentantur
416 2386 471 2422 ultra
482 2396 546 2429 quam
556 2385 641 2428 possint
653 2384 769 2421 sustinere:
784 2394 824 2420 nec
835 2383 894 2420 illam

73 2459 177 2502 implendi
194 2460 245 2497 talia
261 2462 377 2503 praecepta
394 2457 541 2495 difficultatem
557 2456 608 2494 inde
626 2455 743 2499 proficisci,
762 2456 819 2501 quod
838 2458 897 2492 actus

72 2561 215 2569 --——---

119 2632 136 2654 21
150 2628 190 2662 Col.
206 2628 235 2661 aa.

121 2692 138 2715 ²²
151 2688 192 2722 Col.
207 2689 235 2722 99.
