1952 3093
440 61 561 100 -288-

88 194 111 220 re
129 182 243 221 meritorio
259 185 327 222 relate
344 185 372 221 ad
389 183 487 221 habitum
498 184 700 228 ¹supernaturalem
720 182 758 219 sed
776 186 912 226 augmentum

88 254 175 292 habitus
189 255 281 299 physice
295 259 398 300 operatur
411 256 468 293 Deus
481 256 602 300 etquidem
616 258 725 299 tamquam
740 253 867 298 praemium,
881 264 913 291 re-

89 326 237 365 tributionem.
246 327 310 365 Nulla
322 331 393 366 autem
403 332 493 371 apparet
504 328 565 371 ratio,
577 338 616 364 cur
626 328 683 365 Deus
693 337 737 364 non
748 326 818 369 possit
829 329 851 364 et
861 324 914 363 velit

90 399 131 437 tale
147 403 285 442 augmentum
300 403 323 437 ut
338 399 458 444 praemium
475 400 532 443 dare,
549 401 567 437 si
583 403 642 437 actus
658 398 782 436 meritorius
798 398 827 435 sit
841 398 913 435 minus

89 472 194 508 intensus
204 471 294 509 Videtur
304 472 327 509 in
339 472 380 509 hac
392 473 498 510 sententia
510 482 552 509 non
566 472 617 508 satis
630 471 712 509 attendi
724 470 752 507 ad
762 480 861 515 magnam
873 469 914 508 dir-

90 543 212 588 ierentiam‚
227 554 282 588 qnae
297 548 329 581 est
342 544 399 581 inter
415 544 580 587 dispositionem
596 547 615 581 et
631 544 737 580 meritum.
754 542 847 580 Omnino
864 551 913 586 ergo

89 615 234 658 praeferenda
252 619 284 653 est
302 616 414 661 sententia,
433 627 486 660 quae
506 616 559 653 dicit
577 619 713 659 augmentum
731 615 812 658 gratiae
829 625 914 658 semper

91 687 187 724 conferri
198 687 271 724 statim
281 692 331 731 post
343 691 414 725 actum
426 687 567 731 meritorium,
580 687 643 724 etiam
656 687 674 723 si
686 687 722 724 ille
733 689 793 724 actus
804 686 831 723 sit
843 686 914 723 minus

90 760 195 796 intensus.
212 759 334 797 Concilium
349 759 491 796 tridentinum
505 758 636 803 simpliciter
652 759 706 795 dicit
719 759 787 795 iustos
802 769 842 802 per
857 758 914 796 hona

90 840 163 873 opera,
174 841 213 874 per
225 831 399 868 observationem
411 831 568 874 mandatorum,
581 841 678 868 crescere
690 831 713 866 in
725 830 807 867 iustitia
819 833 914 874 accepta,

91 902 122 938 ire
136 901 162 939 de
172 902 252 939 virtute
263 902 286 938 in
299 903 407 947 virtutem,
420 903 446 939 de
460 903 494 940 die
507 903 530 938 in
544 903 601 940 diem
614 903 720 946 renovari,
732 912 801 946 neque
813 912 914 946 umquam

90 973 175 1011 indicat
187 985 223 1011 eos
234 984 278 1012 non
291 974 408 1011 iniustitia
421 985 525 1017 crescere,
538 974 581 1011 nisi
594 977 653 1011 actus
666 974 709 1010 sint
722 984 788 1017 aeque
800 974 834 1010 vel
846 973 915 1018 magis

91 1045 178 1090 intensi,
192 1056 257 1090 quam
269 1045 363 1084 habitus.

145 1117 199 1155 Sunt
215 1119 252 1162 qui
271 1117 351 1160 dicant,
369 1118 444 1162 saltem
463 1129 502 1161 pro
514 1117 583 1161 ,praxi
602 1118 703 1155 tutiorem
722 1128 767 1155 esse
786 1118 915 1155 sententiam

91 1189 197 1234 priorem;
209 1192 287 1233 putant
298 1190 356 1227 enim
366 1190 485 1233 periculum
498 1200 549 1233 esse,
560 1200 586 1226 ne
597 1190 644 1233 quis
656 1189 679 1225 in
690 1189 773 1227 iudicio
785 1201 807 1227 se
818 1189 915 1227 inveniat

92 1261 212 1305 deceptum,
223 1272 272 1299 cum
284 1263 359 1299 credat
369 1273 408 1305 per
418 1272 492 1299 omnes
502 1262 550 1299 illos
561 1264 621 1299 actus
632 1273 654 1299 se
666 1261 807 1306 acquisivisse
816 1271 916 1305 augmen—

92 1337 136 1370 tum
151 1333 240 1377 gratiae,
255 1333 314 1377 quod
329 1337 400 1370 tamen
415 1344 458 1370 non
474 1333 562 1371 obtinet.
578 1333 636 1370 Haec
652 1333 743 1371 fortasse
760 1333 804 1371 dici
820 1337 914 1377 possent,

92 1405 110 1442 si
124 1405 162 1443 illa
175 1405 282 1442 sententia
296 1405 437 1442 fundamenta
450 1405 538 1442 haberet
552 1406 574 1442 in
591 1406 686 1443 lontibus
702 1406 847 1444 revelationis.
863 1405 914 1444 Cum

91 1479 144 1515 haec
153 1481 224 1515 autem
234 1488 277 1515 non
288 1477 433 1520 inveniantur,
443 1488 511 1521 neque
520 1478 641 1521 pericnlum
650 1478 705 1522 illud
713 1477 780 1515 adest.
789 1478 849 1515 Valet
858 1478 916 1515 enim

92 1550 157 1587 etiam
167 1550 209 1586 hoc
219 1550 268 1586 loco
277 1549 338 1593 illud,
348 1549 406 1592 quod
416 1552 478 1585 antea
490 1549 571 1586 dictum
582 1553 623 1586 est:
637 1549 659 1587 Si
669 1550 739 1587 maior
750 1550 844 1587 intensio
856 1553 915 1587 actus

93 1624 148 1659 esset
164 1621 267 1658 condicio
285 1621 339 1658 adeo
356 1621 484 1663 necessaria,
502 1621 532 1657 uti
551 1620 673 1662 affirmatur,
691 1622 748 1658 Deus
766 1622 808 1659 hoc
826 1622 916 1658 manife—

92 1695 174 1730 stasset.

146 1764 199 1802 Cum
212 1768 282 1801 autem
295 1764 396 1800 meritum
408 1768 491 1800 crescat
502 1775 550 1800 cum
562 1765 658 1802 bonitate
672 1768 738 1807 actus,
750 1765 853 1803 hortandi
866 1769 916 1803 sunt

92 1835 166 1873 fideles
181 1836 208 1873 ad
221 1835 325 1873 maiorem
340 1846 425 1878 semper
437 1835 550 1878 fervorem,
564 1846 607 1872 non
620 1836 714 1881 quidem,
728 1840 751 1874 ut
764 1837 853 1874 omnino
868 1847 916 1880 ang-

92 1912 187 1945 mentum
198 1908 279 1951 gratiae
292 1910 421 1949 mereantur,
435 1907 472 1944 sed
483 1910 506 1944 ut
518 1908 586 1945 maius
598 1909 698 1945 meritum
710 1908 804 1946 habeant
817 1913 836 1946 et
850 1909 917 1953 magis

93 1979 137 2017 Deo
150 1980 257 2023 placeant.

144 2051 212 2094 Tangi
228 2051 299 2088 adhuc
314 2054 387 2094 posset
401 2051 443 2086 hoc
459 2052 506 2087 loco
520 2052 616 2094 quaestio
631 2056 701 2088 utrum
717 2055 776 2089 actus
792 2053 916 2090 meritorius

95 2123 212 2166 procedere
229 2122 306 2159 debeat
322 2134 347 2160 ex
364 2122 432 2165 gratia
449 2122 536 2165 actualig
553 2123 628 2159 melius
644 2128 715 2160 tamen
731 2124 817 2161 videtur
834 2125 859 2161 de
876 2124 916 2161 hac

94 2205 116 2231 re
128 2194 244 2231 dicendum
257 2195 279 2230 in
291 2198 352 2237 parte
362 2196 444 2237 quarta.
454 2193 492 2230 ubi
505 2193 530 2230 de
542 2198 617 2231 natura
630 2196 710 2238 gratiae
721 2197 817 2234 actualis.

431 2393 582 2431 obiectiones

144 2514 242 2546 Plurimae
263 2514 382 2551 oltiectr‘ones
402 2515 520 2544 novatorum
540 2516 608 2546 contra
627 2515 737 2547 doctrinam
757 2515 874 2548 catholicam
895 2516 918 2548 dc

94 2574 165 2606 merito
179 2574 309 2605 inveniuntur
323 2573 374 2612 apud
387 2583 402 2604 s.
416 2572 542 2612 Bellarmin0‚
556 2574 584 2605 De
598 2574 743 2614 iustificatione,
758 2575 792 2608 lib.
806 2577 821 2608 5.

167 2659 184 2694 1)
202 2658 250 2689 Cum
265 2657 307 2689 vita
324 2659 402 2690 aeterna
417 2656 437 2688 in
452 2666 467 2689 s.
483 2657 582 2696 Scriptura
598 2667 670 2691 merces
687 2660 764 2698 dicitur,
780 2670 820 2693 non
836 2663 866 2693 est
881 2661 917 2694 hoc

95 2712 246 2756 intelligendum
260 2726 319 2749 sensu
331 2717 418 2756 proprio,
432 2717 465 2749 sed
477 2718 568 2756 figuratoq
583 2728 630 2751 narn
641 2719 683 2752 vita
697 2723 777 2753 aeterna
789 2722 871 2753 vocatur
880 2721 918 2753 he-
