1952 3093
422 74 502 112 —-*3tl9
516 97 544 103 —

66 199 92 236 de
107 196 167 235 omui
181 199 230 234 actu
246 195 337 234 alicuius
354 199 471 233 creaturae.
487 195 560 233 Potest
575 195 664 241 quidem
680 198 740 232 actus
756 193 892 231 considerari

65 273 88 307 ut
97 271 128 306 est
140 280 184 312 ens,
194 278 233 305 ens
244 268 314 312 vitale,
327 279 365 305 ens
376 269 545 312 supernaturale,
557 269 597 305 sed·
605 268 640 305 his
652 267 753 305 omnibus
765 275 892 310 correspom

66 343 101 380 det
112 351 177 378 unum
190 352 237 378 esse
248 340 364 383 physicum
375 341 474 384 simplex,
486 340 544 384 quod
555 351 598 377 non
612 343 643 377 est
655 352 680 378 ex
693 339 736 377 alio
748 338 824 377 etalio
836 348 892 376 com·
921 363 922 366 =

66 414 167 458 positum.
180 413 208 451 Ut
222 415 292 450 autem
307 413 399 450 facultas
413 413 477 450 talem
492 416 563 450 actum
578 413 700 456 simplicem
714 411 802 449 vitalem
816 411 840 448 in
855 420 892 448 sua

67 486 157 533 physica
173 485 261 522 entitate
277 486 463 529 supernaturalem
479 485 557 522 elicere
573 486 649 528 possit,
666 486 714 528 ipsa
729 485 773 521 iam
790 486 840 521 ante
855 493 897 527 poa

67 557 161 595 nendum
179 559 250 595 actum
268 557 331 594 debet
348 557 428 594 habere
444 557 545 594 virtutem
564 557 668 594 causandi
687 568 725 595 ens
742 556 893 600 talisperfcc·

67 627 142 673 tionis;
157 629 212 667 haec
226 629 295 667 virtus
309 630 353 673 ipsi
367 629 471 667 tribuitur
484 630 584 673 praecise
598 640 637 673 per
652 640 690 667 ens
704 629 727 665 in
743 629 845 666 facultate
861 638 893 664 re-

67 705 153 745 ceptum
174 712 217 746 quo
231 702 323 738 facultas
338 701 365 738 ad
378 702 442 739 talem
458 704 529 739 actum
542 702 668 745 ponendum
684 703 785 738 elevatur.

120 774 185 811 Actus
199 774 355 811 indeliberatus
371 774 541 817 supernaturalis
557 784 607 818 ergo
624 786 648 812 eo
664 774 729 811 modo
745 773 820 816 oritur,
836 772 895 817 quod

67 845 123 883 Deus
147 846 307 889 supernaturali
325 846 475 890 praemotione
500 846 624 884 facultatem
642 846 762 883 naturalem
781 845 855 889 elevet,
874 848 894 882 et

68 919 131 956 simul
145 929 194 955 cum
205 918 243 955 illa
256 919 328 964 ipsum
342 921 413 955 actum
425 919 539 961 producat.
553 918 623 956 Simili
637 918 702 956 modo
715 920 765 961 post
777 920 848 955 actum
862 917 893 953 in·

69 990 212 1028 deliberatum
225 993 285 1028 actus
302 990 433 1028 deliberatus
448 991 518 1028 oritur
532 1002 573 1034 ope
591 990 678 1028 alterius
695 991 751 1027 entis
766 991 855 1027 fluentis
870 992 892 1025 in

69 1062 170 1100 facultate
181 1063 270 1106 recepti,
283 1063 302 1099 si
314 1062 402 1106 quidem
415 1066 475 1100 actus
489 1063 619 1100 deliberatus
633 1062 749 1100 distinctus
763 1065 794 1099 est
806 1061 831 1098 ab
846 1063 893 1098 actu

67 1134 221 1180 indeliberato;
235 1135 354 1172 secundum
369 1136 453 1180 aliquos
468 1135 526 1173 enim
539 1135 644 1179 possibile
659 1138 691 1173 est
705 1138 776 1172 actum
791 1133 895 1170 indelibe-

69 1209 138 1244 ratum
156 1206 207 1244 fieri
228 1203 369 1244 deliberatum
389 1219 414 1244 eo
434 1208 492 1252 quod
512 1207 627 1245 accedente
648 1206 783 1244 advertentia
803 1205 895 1243 rationis

69 1281 129 1316 actus
143 1278 299 1316 indeliberatus
315 1279 358 1316 iam
372 1280 478 1316 exsistens
494 1280 600 1317 retinetur
615 1283 635 1316 et
651 1280 796 1318 continuatur,
813 1289 856 1322 quo
871 1276 894 1314 in

69 1361 120 1388 casu
134 1361 189 1388 nova
202 1351 323 1394 praemotio
337 1351 429 1395 physica
441 1363 485 1389 non
501 1355 590 1395 apparet
605 1353 734 1389 necessaria.

121 1422 143 1460 Si
159 1422 224 1461 modo
241 1423 323 1460 dictum
338 1427 376 1466 est,
392 1423 461 1460 Deum
478 1427 498 1461 et
508 1424 637 1461 facultatem
653 1424 757 1461 elevatam
774 1423 895 1466 producere

70 1497 141 1532 actum
159 1496 352 1538 supernaturalem,
370 1496 412 1532 hoc
429 1496 459 1533 ita
478 1496 642 1540 intelligendum
660 1498 698 1539 est,
716 1499 739 1532 ut
756 1496 804 1539 ipsa
823 1494 895 1532 vitalis

71 1567 161 1604 facultas
175 1568 257 1604 elevata
270 1571 339 1605 totum
354 1570 425 1604 actum
440 1568 626 1610 supernaturalem
638 1567 755 1612 producat;
771 1576 822 1610 ergo
835 1567 895 1611 ipsae

71 1639 189 1683 facultates,
205 1639 326 1676 intellectus
343 1643 363 1676 et
376 1641 482 1683 voluntas,
498 1643 546 1676 ente
562 1642 635 1677 creato
651 1641 745 1677 elevatae
760 1639 859 1683 proxime
876 1642 896 1677 et

70 1711 193 1748 immediate
216 1712 238 1748 in
262 1711 428 1754 productionem
453 1716 512 1749 actus
535 1712 713 1756 supernaturalis
727 1711 827 1748 influunt.
848 1711 895 1748 Non

70 1791 120 1826 ergo
135 1783 165 1820 ita
181 1794 215 1819 res
232 1783 377 1827 concipienda
393 1787 429 1826 est,
446 1784 477 1821 uti
492 1785 625 1821 recentiores
641 1784 755 1821 thomistae
772 1783 854 1823 volunt.
871 1794 894 1820 ac

70 1854 89 1891 si
102 1855 171 1892 solum
183 1855 238 1892 illud
250 1866 288 1893 ens
302 1858 404 1898 creatum,
417 1867 459 1899 quo
473 1857 564 1893 facultas
577 1857 658 1893 elevata
672 1860 709 1899 est,
723 1856 810 1893 vitalem
824 1859 895 1893 actum

70 1927 255 1970 supernaturalem
266 1928 397 1971 produceret
407 1928 506 1971 proxime
518 1932 538 1965 et
549 1928 680 1972 immediate,
691 1932 711 1965 et
722 1928 813 1965 facultas
824 1927 897 1965 vitalis

70 1999 139 2037 solum
152 2002 239 2037 eatenus
252 1999 345 2037 dicenda
356 2003 412 2037 esset
423 2000 446 2037 in
457 2000 625 2043 productionem
637 2003 697 2037 actus
709 2001 802 2038 influere
814 2003 895 2037 remote

70 2075 90 2109 ct
103 2072 235 2117 radicaliter,
249 2076 354 2116 quatenus
367 2075 398 2109 est
411 2072 530 2110 subiectum
545 2076 667 2110 sustentans
681 2073 736 2109 illud
750 2083 788 2110 ens
802 2075 897 2110 creatum

71 2145 91 2180 et
103 2146 208 2188 quatenus
222 2146 293 2181 actum
306 2144 436 2187 productum
450 2145 473 2180 in
488 2156 510 2181 se
522 2145 608 2187 recipit,
621 2145 652 2181 Ita
665 2145 709 2181 iam
722 2155 766 2181 non
780 2145 897 2182 haberetur

71 2217 130 2253 actus
144 2216 266 2253 intellectus
280 2219 300 2253 et
313 2216 430 2254 voluntatis
437 2220 462 2252 4⁵.

124 2279 174 2326 Sine
187 2287 252 2325 dubio
263 2288 317 2325 haec
329 2288 436 2325 sententia
447 2288 547 2333 explicat,
559 2290 667 2333 quomodo
679 2293 738 2326 actus
750 2290 896 2333 cognoscendi

71 2363 91 2396 et
100 2360 189 2397 volendi
200 2359 272 2397 vitalis
284 2363 304 2397 et
315 2359 446 2398 intrinsecus
458 2361 629 2404 supernaturalis
640 2361 732 2406 oriatur3
743 2362 801 2398 favet
812 2372 897 2405 quoque

71 2430 122 2469 huic
136 2433 255 2469 sententiae
270 2432 368 2476 analogia
381 2443 430 2469 cum
445 2432 525 2471 auxilio
540 2433 646 2470 habituali
659 2433 717 2478 quod
731 2433 842 2471 infusione
855 2433 897 2470 vir-

72 2506 140 2541 tutum
154 2504 272 2542 confertur.
285 2504 317 2540 Ex
330 2505 397 2542 altera
410 2508 481 2541 tamen
495 2508 557 2548 parte
571 2506 683 2542 fatendum
698 2508 736 2549 est,
750 2516 793 2543 non
809 2516 855 2543 esse
869 2505 897 2543 fa-

73 2574 113 2613 cile
129 2579 229 2614 accurate
245 2576 361 2620 concipere
376 2577 439 2620 quale
455 2576 483 2613 sit
499 2576 553 2614 illud
568 2588 606 2613 ens
622 2578 699 2615 fluens.
716 2577 738 2614 Si
755 2577 836 2615 dicitur
851 2589 897 2614 esso

120 2741 137 2763 ⁴⁵
150 2739 178 2771 De
191 2739 227 2771 hac
241 2738 374 2771 controversia
389 2738 433 2770 vide
447 2738 525 2777 Beraza,
538 2747 567 2770 nr.
583 2738 667 2770 140-151.
