1952 3093
444 33 553 73 —68-
613 5 614 8 ¹

88 153 196 197 implendi
211 154 287 191 debeat
302 165 348 191 esse
363 156 534 198 supernaturalis
549 156 582 192 vel
597 155 728 200 meritorius,
744 156 777 193 vel
793 155 877 200 aliquid
890 155 917 192 si-

90 227 140 263 rnile
162 227 223 271 [quae
240 226 359 271 Augustino
377 237 488 272 nunquam
506 228 529 264 in
548 232 642 266 mentem
660 228 773 271 venerunt)
792 229 830 266 sed
849 240 874 266 ex
892 239 917 266 eo

89 300 148 343 quod
160 299 217 337 vires
231 300 347 337 voluntatis
361 300 459 339 infirmae
472 304 528 346 sunt,
540 304 630 345 propter
642 300 843 345 concupiscentiam
857 313 869 339 a
882 312 917 339 vo-

90 372 154 410 lendo
171 372 228 410 bono
247 373 401 419 retrahentemg
421 374 482 411 cuius
500 374 574 412 renisu
590 374 619 419 fit,
637 379 660 412 ut
677 375 734 412 vires
751 375 868 412 voluntatis
887 374 918 412 di-

91 446 220 489 strahantur,
234 449 297 491 atque
311 447 341 483 ita
356 447 421 483 horno
437 459 481 484 non
495 449 558 490 plene
572 448 630 491 velit,
645 458 689 485 non
703 447 786 491 integre
801 447 859 492 velit,
873 458 917 485 non

91 522 134 555 tota
147 519 256 556 voluntate
269 519 327 557 velit.
341 520 415 556 Talem
430 523 500 557 autern
515 521 646 558 voluntatem
661 531 704 558 non
719 532 764 558 esse
779 521 881 558 idoneam
895 523 918 558 ut

91 595 178 635 superet
194 592 282 628 alteram
300 595 404 629 vetustate
422 594 551 637 roboratam,
569 594 619 638 quia
635 605 675 637 per
690 593 750 630 illam
767 594 865 631 nondum
881 604 918 637 po-

91 667 132 701 test
144 665 209 702 homo
223 668 305 702 tanturn
319 666 380 708 velle,
395 669 498 710 quantum
514 666 592 704 sufficit
605 669 628 704 ut
640 666 733 704 volendo
748 666 823 712 faciat3
838 667 919 710 poterit

92 740 162 774 autem
174 749 223 775 cum
235 738 335 775 habuerit
348 748 448 782 magnam
462 742 482 776 et
495 740 611 777 robustam.
624 739 685 777 Hanc
697 751 747 776 vero
761 739 803 776 sibi
817 739 918 782 tribuere,

92 820 134 847 non
146 821 191 847 esse
202 811 315 854 potestatis
326 811 440 856 humanae,
453 813 490 849 sed
502 812 568 849 solius
580 812 660 855 gratiae
671 812 718 857 Dei,
730 822 793 857 quam
803 816 918 855 propterea

92 883 178 920 assidue
197 895 222 921 ex
240 882 281 920 fide
300 884 446 921 invocamus»
456 888 479 921 2³.
498 885 549 921 «Ex
566 885 643 930 quibus
662 884 776 922 conficitur
794 895 838 922 non
857 885 919 923 aliter

93 966 166 992 rerum
178 967 230 1000 esse,
242 957 300 1000 quod
312 957 369 995 Deus
383 968 426 994 non
440 957 512 995 iubeat
525 957 675 1001 impossibilia,
688 958 793 1008 nisi-quia
806 968 919 1002 quaecum-

92 1040 132 1073 que
145 1029 210 1072 iubet,
223 1030 319 1066 hominis
333 1031 442 1067 voluntate
455 1041 494 1073 per
508 1030 678 1073 omnipotentem
691 1031 781 1074 gratiam
794 1031 833 1067 Dei
846 1030 919 1067 adiuta

93 1101 139 1138 lieri
152 1105 262 1146 possunt>
271 1106 295 1139 24.

144 1174 195 1218 Cap.
210 1174 235 1212 20
257 1175 351 1219 explicat
371 1176 479 1219 quomodo
499 1175 639 1219 intelligenda
660 1175 703 1212 sint
724 1176 788 1212 verba
811 1175 830 1212 S.
846 1176 917 1212 Pauli:

93 1247 168 1284 «Deus
182 1257 258 1285 omnes
272 1247 372 1284 homines
388 1248 433 1284 vult
449 1248 518 1285 salvos
533 1247 580 1284 fieri
595 1251 614 1285 et
630 1248 657 1285 ad
672 1248 803 1291 agnitionem
820 1249 916 1285 veritatis

94 1320 195 1364 venire»,
210 1324 230 1358 et
245 1331 292 1364 cap.
307 1320 331 1357 21
346 1321 454 1365 quomodo
466 1320 566 1358 vChristus
581 1321 609 1357 sit
623 1321 748 1364 redemptor
762 1320 865 1365 omnium,
880 1331 920 1364 pro

94 1393 195 1430 omnibus
209 1393 326 1430 crucifixus
341 1396 362 1430 et
376 1396 479 1431 mortuus.
495 1393 545 1429 «Ex
561 1392 638 1438 quibus
655 1393 737 1430 clarum
753 1398 843 1431 estnon
859 1393 921 1430 aliter

94 1466 207 1509 Augustini
219 1466 303 1503 iudicio
317 1465 426 1503 Christum
440 1477 461 1502 se
475 1465 647 1508 redemptionem
659 1476 699 1508 pro
713 1465 814 1503 omnihus
829 1465 920 1508 dedisse,

95 1550 132 1575 seu
147 1538 327 1582 propitiationem
344 1549 389 1575 esse
406 1549 446 1581 pro
462 1538 557 1581 peccatis
573 1539 638 1575 totius
655 1538 737 1581 mundi,
755 1538 798 1574 nisi
815 1537 866 1582 quia
880 1548 920 1581 pro

95 1611 190 1654 peccatis
202 1611 299 1648 omnium
311 1611 414 1654 fidelium,
428 1623 453 1648 ex
466 1610 544 1655 quibus
555 1620 598 1648 una
610 1609 720 1648 Catholica
733 1609 872 1647 constituitur
883 1609 921 1647 Ec-

96 1684 168 1727 clesia,
185 1683 306 1727 redemptio
324 1686 386 1727 atque
403 1682 530 1727 propitiatio
548 1687 584 1720 est.
601 1682 645 1719 Nec
662 1682 684 1718 in
701 1682 809 1719 universis
824 1681 922 1726 Augusti-

96 1757 119 1793 ni
132 1757 240 1800 operibus,
254 1756 297 1793 nisi
310 1756 380 1798 fallor,
392 1756 452 1792 locus
464 1758 501 1798 est,
514 1755 551 1791 ubi
565 1756 640 1792 doceat
654 1753 762 1792 Christum
774 1765 814 1798 pro
826 1755 922 1797 peccatis

97 1829 216 1867 infidelium
226 1829 249 1865 in
260 1827 387 1865 infidelitate
399 1827 573 1871 permanentium
585 1838 630 1864 esse
642 1826 827 1872 propitiationem,
837 1827 871 1863 vel
882 1837 922 1869 pro

97 1902 140 1938 illis
153 1913 175 1939 se
189 1902 275 1939 dedisse
288 1900 512 1944 redemptionems25.
526 1899 589 1936 «Nec
602 1899 660 1936 enirn
674 1899 733 1936 iuxta
748 1899 869 1936 doctrinam
882 1898 923 1935 An-

97 1975 212 2017 tiquorum
228 1984 267 2017 pro
286 1973 387 2010 omnibus
404 1971 493 2010 omnino
511 1971 608 2009 Christus
624 1982 700 2014 passus
717 1974 753 2009 aut
770 1974 867 2008 mortuus
885 1974 923 2013 est,

97 2050 133 2083 aut
144 2058 184 2090 pro
196 2046 296 2084 omnibus
308 2045 397 2082 omnino
410 2047 453 2081 tam
466 2044 594 2087 generaliter
607 2044 733 2088 sanguinem
745 2043 808 2088 fudit,
820 2042 869 2081 cum
880 2043 923 2080 hoc

98 2119 169 2162 potius
181 2122 290 2163 tamquam
302 2128 397 2155 errorem
410 2128 421 2153 a
432 2116 473 2153 fide
485 2115 595 2154 Catholica
608 2115 759 2154 abhorrentem
773 2116 865 2153 doceant
878 2127 923 2152 esse

99 2192 254 2234 respuendum:
274 2190 374 2229 omnibus
392 2200 443 2226 vero
461 2188 505 2225 illis
523 2199 562 2232 pro
581 2173 803 2232 quibussanguinem
822 2188 885 2232 fudit,
905 2191 924 2224 et

98 2267 203 2308 quatenus
219 2275 259 2307 pro
277 2263 307 2301 eis
324 2263 387 2305 fudit,
405 2261 469 2299 etiam
487 2260 594 2297 sufficiens
610 2260 714 2298 auxilium
732 2261 803 2303 donat,
820 2271 862 2304 quo
879 2270 923 2297 non

100 2337 168 2373 solum
184 2337 275 2380 possint,
292 2336 330 2372 sed
346 2334 409 2372 etiam
425 2333 497 2376 reipsa
512 2332 579 2370 velint
594 2336 614 2370 et
631 2332 718 2376 faciant,
735 2333 758 2369 id
775 2332 832 2377 quod
850 2333 875 2369 ab
893 2332 923 2369 eis

99 2409 215 2447 volendum
234 2412 254 2446 et
272 2408 396 2445 faciendum
414 2417 459 2442 esse
477 2405 578 2442 decrevit.
596 2405 650 2441 Nam
668 2416 707 2448 per
724 2405 761 2441 illa
778 2404 924 2442 occultissime

150 2594 167 2617 2³
180 2591 221 2624 Col.
234 2591 274 2625 334.

150 2656 167 2677 24
180 2651 221 2684 Col.
234 2651 274 2684 337.

149 2716 165 2737 25
179 2712 219 2745 Col.
236 2712 276 2745 383.
