1952 3093
478 43 598 81 -154-

123 162 180 202 scire
196 164 255 202 volui
271 159 325 208 quos
340 164 397 201 Deus
415 164 520 209 diligeret,
537 175 591 209 quos
607 164 694 202 odisset.
710 164 737 201 Et
751 165 826 202 inveni
844 165 948 205 iustorum

123 236 211 281 quidem
227 247 293 280 opera
308 237 331 273 in
346 246 412 273 manu
427 236 467 274 Dei
482 247 534 280 esse,
551 239 572 274 et
586 240 658 274 tamen
673 240 745 274 utrum
762 239 861 274 amentur
876 248 888 274 a
903 238 948 277 Deo

124 320 203 351 annon,
217 320 275 345 nunc
291 320 327 346 eos
341 309 399 346 seire
413 320 458 346 non
473 320 537 352 posse
551 312 571 346 et
585 310 642 346 inter
655 309 778 353 ambiguum
793 309 948 348 11110111110>>41Ι

122 380 327 426 Ν(1111001115,
341 382 351 419 1
365 381 437 424 (1014,
450 382 468 419 4.

494 601 575 639 Parnes

179 746 199 783 S.
214 739 368 783 Hmuorvrnus.
383 746 436 783 Vide
452 757 517 790 supra
533 747 560 783 ad
574 745 638 783 Eccle
654 747 671 789 9,
688 747 705 783 1.
719 769 746 773 -
760 746 780 783 S.
795 745 947 783 Auousrnvus:

126 818 283 861 «Quantalibet
297 818 355 855 01111
370 818 453 856 iustitia
469 819 496 856 sit
510 818 621 862 praeditus
638 818 710 861 horno,
726 818 821 862 cogitare
838 817 907 862 dehet,
924 829 949 856 ue

125 890 208 934 aliquid
223 890 247 927 in
263 890 307 933 1110,
323 890 382 934 quod
399 890 447 934 ipse
464 899 507 928 non
524 890 590 934 videt,
607 891 731 928 inveniatur
747 901 794 928 esse
812 890 949 934 culpandum,

125 973 174 999 eum
190 973 228 1000 rex
244 963 313 1000 iustus
330 962 411 1000 sederit
427 963 449 1000 in
466 963 551 1006 throno,
569 963 630 1000 cuius
646 962 799 1007 cogitationem
816 963 890 1007 fugere
906 973 949 1001 101

125 1037 222 1078 possunt,
237 1046 277 1072 nee
290 1036 328 1072 illa
341 1036 367 1073 de
380 1036 458 1080 quibus
473 1036 554 1072 dictum
568 1039 609 1072 est:
624 1035 709 1073 Delicta
721 1036 769 1080 quis
783 1035 898 1079 intelligit?
907 1048 917 1071 »
926 1039 950 1071 4³.

124 1129 152 1133 —
167 1106 187 1144 S.
204 1106 325 1145 Gmeomus
342 1107 444 1144 Manuos:
463 1107 544 1152 «Quod
559 1118 610 1144 vero
627 1107 718 1146 dulcedo
736 1110 772 1144 tua
792 1106 910 1151 (Gregoria)
928 1107 949 1143 in

127 1180 171 1216 suis
185 1179 283 1223 epistulis
296 1180 414 1223 subiunxit,
427 1180 574 1224 importunam
588 1192 609 1217 se
622 1180 677 1217 mihi
690 1180 799 1224 exsistere,
812 1180 951 1225 quoadusque

128 1252 221 1289 scribam
234 1252 288 1288 mihi
302 1264 347 1289 esse
360 1253 478 1289 revelatum
490 1253 541 1296 quia
554 1256 643 1295 peecata
655 1256 691 1289 tua
706 1253 795 1289 dimissa
809 1253 858 1297 sint,
872 1263 918 1290 rem
932 1256 952 1290 et

129 1323 238 1361 difficilem
252 1324 316 1361 etiam
330 1326 350 1361 et
362 1324 461 1361 inutilem
473 1324 598 1368 postulasti:
616 1323 726 1361 difficilem
740 1324 834 1369 quidem,
849 1324 899 1369 quia
914 1333 952 1367 ego

127 1395 230 1440 indignus
244 1407 290 1434 sum
304 1396 339 1434 cui
353 1396 455 1434 revelatio
468 1396 515 1434 fieri
530 1397 615 1441 debean
629 1397 728 1434 inutilem
742 1407 800 1440 vero,
813 1397 864 1442 quia
878 1408 952 1435 secura

130 1468 156 1505 de
173 1469 268 1512 peccatis
284 1468 327 1505 tuis
342 1468 389 1505 fieri
407 1479 450 1506 non
467 1468 538 1511 debes,
555 1469 598 1505 nisi
614 1480 663 1505 cum
680 1469 722 1506 iam
740 1470 762 1504 in
781 1469 815 1505 die
833 1469 889 1506 vitae
905 1472 953 1506 tuae

129 1539 205 1577 ultimo
218 1540 320 1584 plangere
334 1540 408 1578 eadem
424 1543 512 1584 peccata
528 1540 616 1577 minime
631 1540 713 1578 valebis
722 1544 765 1578 149.

488 1757 599 1795 Tueouoor

184 1904 289 1946 Theologi
304 1907 327 1939 ut
344 1906 402 1947 patet
419 1906 498 1946 negant
516 1903 637 1939 doctrinan]
655 1902 749 1945 Lutheri‚
767 1905 787 1938 et
804 1903 878 1938 tenent
894 1910 956 1944 gene-

129 1976 193 2014 ratim
203 1987 243 2014 nos
253 1986 297 2013 non
308 1986 372 2019 posse
385 1974 473 2013 credere
484 1986 530 2012 esse
542 1975 564 2011 in
576 1977 631 2012 statu
643 1974 730 2019 gratiae,
742 1974 785 2011 nisi
797 1973 824 2012 oh
837 1973 952 2018 specialem

131 2049 208 2087 dehac
220 2060 243 2086 re
256 2048 410 2085 revelationem
418 2051 442 2084 ⁵⁰.
457 2046 521 2085 Credi
535 2047 592 2084 enim
605 2058 649 2085 non
662 2050 759 2090 possunt,
772 2057 826 2090 quae
839 2047 896 2083 Deus
910 2056 952 2082 nou

130 2121 242 2163 revelavit;
261 2120 384 2156 iustificatio
403 2122 474 2156 autem
490 2119 623 2161 singulorum
640 2118 753 2155 hominum
771 2128 815 2155 non
833 2111 866 2154 est
882 2128 894 2154 a
909 2117 953 2153 Deo

130 2193 233 2238 revelata;
251 2202 300 2237 ergo
316 2203 359 2230 101
376 2194 408 2229 est
424 2191 533 2230 obiectum
547 2191 598 2229 fidei
615 2191 707 2229 divinae,
725 2190 849 2229 Revelatum
867 2190 953 2235 quidem

131 2270 163 2302 est
179 2266 246 2303 Deum
265 2265 373 2302 remittere
390 2266 486 2308 peccata,
505 2264 542 2300 sed
560 2263 655 2306 impletis
673 2263 802 2306 quibusdam
820 2261 954 2299 condicioni-

182 2414 196 2433 1?
211 2410 232 2440 11
244 2409 373 2441 Ecclesiastcn
384 2417 463 2447 comm.;
475 2407 508 2441 ML
519 2407 546 2447 23,
557 2407 612 2446 1080;
622 2406 638 2440 R
649 2406 700 2440 1374,
711 2406 728 2440 S.
738 2406 828 2446 Thomas,
840 2406 857 2439 S.
868 2406 902 2439 Th.
912 2406 928 2445 1,
940 2405 955 2442 2,

133 2480 150 2508 (1.
162 2471 201 2505 112,
214 2481 230 2501 u.
242 2471 258 2501 5.
271 2470 306 2502 Sed
318 2472 391 2508 contra,
403 2470 452 2501 citat
463 2468 516 2501 hunc
527 2469 609 2500 textum.

173 2535 197 2566 71³
212 2531 238 2561 Dc
252 2529 372 2567 perfectione
385 2529 474 2560 iustitiae
487 2527 575 2559 hominis
589 2527 617 2565 15,
630 2527 662 2565 33;
677 2527 710 2559 ML
724 2526 752 2564 44,
766 2526 810 2564 3119;
825 2526 842 2559 R
856 2526 907 2558 1800.

181 2594 198 2614 ta
212 2590 272 2628 Epist.
285 2589 316 2627 253
330 2589 363 2621 ML
377 2589 404 2628 77,
418 2588 461 2627 8783
476 2588 492 2622 R
505 2587 556 2621 2296.

182 2656 199 2677 ³⁰
213 2651 289 2689 Sudrez,
303 2651 330 2682 Dc
345 2633 413 2688 gratia,
428 2650 462 2682 tib.
477 2649 493 2688 9,
507 2659 548 2687 cap.
563 2648 614 2686 9-123
629 2648 755 2687 Bellarmino,
769 2649 796 2681 De
811 2648 956 2684 iustificatione,

134 2712 168 2743 lib.
179 2712 195 2746 3,
207 2720 248 2748 cap.
259 2711 308 2741 1-11.
