1952 3093
489 35 597 72 -26-

130 165 213 208 positae
231 169 277 202 orta
295 169 332 204 est.
348 167 465 210 Propterea
482 168 584 205 monachi
602 169 691 213 scythae
707 181 747 214 per
763 170 890 216 episcopum
908 174 958 211 airi-

132 249 210 275 canum
227 239 375 277 possessorem
383 244 407 285 ⁹⁷,
424 241 461 285 qui
479 240 668 286 Constantinopoli
686 243 746 281 exsul
765 244 860 289 degebat,
877 246 960 284 senten·

132 312 183 349 tiam
198 312 326 350 Hormisdae
340 313 410 357 Papae
423 314 534 358 rogabant,
548 316 585 359 qui
599 315 722 354 Possessori
734 317 759 355 30
772 317 862 362 Augusti
876 319 914 357 520
929 331 961 357 re-

133 385 228 429 spondit,
242 386 265 422 in
281 386 342 424 cuius
357 386 462 430 epistulae
477 388 548 431 prima
563 391 624 432 parte
640 389 703 427 valde
718 389 826 434 vituperat
842 392 960 430 monachos

133 458 226 501 scythas,
248 459 285 503 qui
306 470 390 497 errores
411 471 461 498 suos
484 461 675 505 christologicos⁹8
698 463 801 501 damnare
816 473 860 501 non
875 465 959 509 volunt;

134 531 212 569 deinde
230 532 256 569 de
272 532 350 570 Fausto
368 533 431 571 dicit:
451 546 461 570 «
470 534 497 570 Hi
514 545 576 578 vero,·
589 546 642 579 qnos
658 546 696 572 vos
714 536 740 573 de
757 535 830 574 Fausti
848 537 960 575 cuiusdam

133 603 187 641 Galli
200 605 304 642 antistitis
319 605 383 643 dictis
398 607 539 652 consuluisse,
552 607 631 645 litteris
644 608 765 652 indicastis,
779 609 803 646 id
816 609 858 647 sibi
872 620 961 654 respon-

133 688 179 714 sum
191 677 296 715 habeant:
311 689 380 723 neque
393 679 454 716 illum
468 680 544 724 recipi,
556 690 624 724 neque
638 691 773 726 quemquam,
786 692 840 726 quos
853 682 877 719 in'·
890 685 961 720 aucto-

133 749 196 787 ritate
210 750 297 787 Patrum
313 762 357 788 non
373 751 452 795 recipit
466 763 555 789 examen
571 752 691 790 catholicae
706 753 764 798 fidei,
780 757 816 791 aut
832 755 961 792 ecclesiasti-

134 833 171 860 cae
187 823 317 867 disciplinae
334 824 495 868 ambiguitatem
510 836 574 868 posse
590 825 684 869 gignere,
701 829 737 863 aut
753 826 861 871 religiosis
876 827 961 871 praeiu-

135 895 216 932 dicium
234 907 367 939 comparare.
384 896 438 934 Fixa
455 900 505 934 sunt
522 908 534 934 a
549 897 649 935 Patribus
667 909 721 943 quae
737 898 812 936 fideles
830 900 909 937 sectari
927 900 961 938 de-

133 968 198 1005 beant
217 969 326 1006 instituta:
349 969 394 1006 sive
413 969 570 1013 interpretatio,
590 969 635 1007 sive
652 970 795 1018 praedicatio,
815 982 852 1009 seu
871 971 961 1009 verbum

134 1041 209 1084 populi
223 1041 373 1079 aedificatione
388 1041 538 1085 compositum,
554 1042 572 1079 si
588 1054 636 1079 cum
650 1042 693 1080 fide
707 1045 765 1080 recta
781 1046 802 1080 et
816 1043 916 1081 doctrina
930 1055 961 1081 sa-

134 1124 161 1149 na
177 1114 302 1157 concordat,
319 1114 446 1158 admittitur,
463 1115 482 1151 si
497 1115 614 1158 discordat,
631 1114 734 1152 aboletur.
749 1114 821 1153 Unum
838 1119 869 1153 est
885 1113 961 1154 funda-

134 1189 230 1223 mentum
245 1189 304 1223 extra
319 1186 377 1230 quod
390 1186 498 1231 quaelibet
512 1187 596 1224 fabrica
611 1188 629 1224 si
645 1187 761 1231 consurgit,
777 1187 862 1225 infirma
876 1190 914 1232 est,
929 1200 961 1226 su-

135 1270 173 1302 per
192 1259 246 1296 illud
263 1259 361 1303 quisquis
381 1254 487 1303 aedificat,
505 1260 551 1297 sive
570 1259 628 1303 vilia,
647 1259 692 1297 sive
709 1259 811 1306 pretiosa,
831 1260 961 1298 consideret.

134 1331 197 1368 Errat
209 1334 280 1368 autem
293 1342 305 1368 a
317 1331 359 1376 via,
371 1332 408 1376 qui
422 1331 447 1369 ab
462 1343 486 1369 eo
499 1332 558 1376 quod
567 1332 656 1369 Parrum
669 1332 746 1370 electio
759 1332 888 1370 monstravit
902 1343 962 1370 exor-

134 1403 194 1447 bitat,
212 1414 252 1441 nec
269 1407 340 1440 tamen
357 1403 493 1448 improbatur
511 1404 624 1448 diligentia
641 1415 680 1447 per
697 1404 764 1441 multa
782 1404 907 1442 discurrens
924 1405 961 1442 sed

135 1476 220 1513 animus
237 1487 249 1513 a
265 1476 356 1514 veritate
374 1476 492 1513 declinans.
509 1476 576 1520 Saepe
594 1476 620 1514 de
636 1476 671 1514 his
688 1476 811 1514 necessaria
827 1477 961 1521 providetur,

136 1549 253 1593 dequibus
268 1549 311 1592 ipsi
326 1549 405 1586 aemuli
421 1549 585 1592 convincantur,
598 1548 720 1586 instructio.
734 1548 779 1586 Nec
794 1549 847 1587 vitio
864 1549 911 1586 dari
925 1561 962 1594 po·

135 1624 176 1659 test
189 1633 252 1659 nosse
267 1621 326 1666 quod
340 1621 420 1665 fugias;
436 1623 499 1666 atque
513 1621 562 1658 ideo
577 1631 621 1658 non
636 1621 730 1665 legentes
745 1620 865 1665 incongrua
880 1621 903 1658 in
919 1622 962 1659 cul·

135 1706 185 1738 pam
201 1694 297 1737 veniunt,
313 1694 351 1731 sed
367 1696 486 1738 sequentes.
503 1693 565 1737 Quod
582 1693 600 1730 si
615 1693 645 1730 ita
661 1704 704 1730 non
719 1695 783 1737 esset,
800 1704 910 1738 nunquam
926 1694 962 1732 do-

136 1770 182 1804 ctor
199 1768 236 1804 ille
253 1766 348 1811 gentium
367 1763 510 1810 acquievisset
526 1765 626 1803 nuntiare
643 1765 754 1803 fidelibus:
775 1765 848 1803 omnia
865 1766 962 1810 probate,

135 1840 193 1884 quod
207 1839 288 1877 honum
303 1841 334 1876 est
347 1840 417 1876 tenete
425 1841 449 1874 ⁹⁹.
466 1838 539 1875 ...Non
555 1837 678 1881 improvide
692 1838 816 1875 veneranda
829 1838 917 1875 Patrum
931 1850 962 1875 sa-

136 1912 218 1955 pientia
232 1912 290 1949 fideli
305 1912 405 1955 potestati
420 1922 474 1956 quae
489 1914 559 1948 essent
574 1910 681 1948 catholica
697 1910 795 1954 dogmata
811 1910 903 1955 definiit3
918 1922 962 1948 cer-

136 1988 156 2022 ta
169 1985 275 2022 librorum
289 1984 353 2021 etiam
367 1986 463 2021 veterum
478 1984 500 2019 in
514 1982 663 2020 auctoritatem
678 1982 811 2026 recipienda,
826 1985 901 2020 sancto
916 1983 962 2027 Spi-

136 2058 179 2094 ritu
192 2058 318 2100 instruente,
331 2056 461 2100 praefigens:
479 2066 506 2092 ne
521 2055 620 2098 opinioni
636 2066 686 2092 suae
699 2056 768 2093 lector
781 2055 903 2099 indulgens,
918 2065 961 2093 non

136 2131 193 2174 quod
206 2129 352 2167 aedificationi
367 2128 526 2166 ecclesiasticae
541 2127 673 2170 conveniret,
688 2127 726 2164 sed
739 2127 797 2171 quod
811 2125 910 2171 voluptas
925 2138 962 2165 sua

137 2202 279 2245 concepisset,
297 2204 408 2238 assereret.
427 2200 483 2244 Quid
501 2210 550 2243 ergo
569 2199 751 2237 calumniantibus
767 2211 821 2243 opus
839 2202 885 2237 erat
902 2202 962 2237 extra

137 2275 265 2312 constitutos
275 2273 385 2311 Ecclesiae
397 2273 502 2310 terminos
514 2272 625 2315 porrigere
636 2271 779 2316 quaestiones,
791 2274 811 2308 et
824 2271 850 2309 de
861 2271 896 2309 his
908 2282 962 2316 quae

136 2347 243 2384 habentur
256 2347 320 2389 dicta,
332 2346 394 2390 quasi
409 2346 466 2382 dictu
480 2356 523 2381 non
537 2344 586 2387 sint,
601 2356 687 2381 movere
701 2343 826 2388 certamina,
841 2355 890 2381 cum
903 2342 962 2381 Chri·

135 2484 279 2491 -—-—-—-

183 2572 347 2631 amam

185 2656 202 2678 99
216 2653 321 2685 Occasione
334 2653 390 2685 illius
404 2663 414 2684 «
422 2652 477 2685 Unus
492 2653 515 2685 de
529 2652 619 2685 trinitate
632 2664 702 2692 passus
717 2657 747 2687 est
754 2665 769 2687 »,

185 2716 203 2739 99
217 2713 225 2745 1
238 2712 299 2746 Thess
312 2713 328 2752 ὁ,
341 2712 369 2745 21.
