<?xml version="1.0" encoding="UTF-8"?>
<!DOCTYPE html PUBLIC "-//W3C//DTD XHTML 1.0 Transitional//EN"
    "http://www.w3.org/TR/xhtml1/DTD/xhtml1-transitional.dtd">
<html xmlns="http://www.w3.org/1999/xhtml" xml:lang="en" lang="en">
 <head>
  <title>
</title>
<meta http-equiv="Content-Type" content="text/html;charset=utf-8" />
  <meta name='ocr-system' content='tesseract 3.04.00' />
  <meta name='ocr-capabilities' content='ocr_page ocr_carea ocr_par ocr_line ocrx_word'/>
</head>
<body>
  <div class='ocr_page' id='page_1' title='image "./MN41638ucmf_6_0216.png"; bbox 0 0 1952 3093; ppageno 0'>
   <div class='ocr_carea' id='block_1_1' title="bbox 438 63 560 100">
    <p class='ocr_par' dir='ltr' id='par_1_1' title="bbox 438 63 560 100">
     <span class='ocr_line' id='line_1_1' title="bbox 438 63 560 100; baseline 0 -1"><span class='ocrx_word' id='word_1_1' title='bbox 438 63 560 100; x_wconf 81' lang='lat'>-196-</span> 
     </span>
    </p>
   </div>
   <div class='ocr_carea' id='block_1_2' title="bbox 87 184 917 446">
    <p class='ocr_par' dir='ltr' id='par_1_2' title="bbox 87 184 917 446">
     <span class='ocr_line' id='line_1_2' title="bbox 88 184 913 229; baseline 0 -7"><span class='ocrx_word' id='word_1_2' title='bbox 88 186 166 223; x_wconf 82' lang='lat' dir='ltr'>festum</span> <span class='ocrx_word' id='word_1_3' title='bbox 183 188 220 228; x_wconf 89' lang='lat' dir='ltr'>est,</span> <span class='ocrx_word' id='word_1_4' title='bbox 237 185 295 229; x_wconf 89' lang='lat' dir='ltr'>quod</span> <span class='ocrx_word' id='word_1_5' title='bbox 311 184 409 222; x_wconf 88' lang='lat' dir='ltr'>infideles</span> <span class='ocrx_word' id='word_1_6' title='bbox 425 195 468 222; x_wconf 94' lang='lat' dir='ltr'>non</span> <span class='ocrx_word' id='word_1_7' title='bbox 485 187 576 228; x_wconf 86' lang='lat' dir='ltr'>possunt</span> <span class='ocrx_word' id='word_1_8' title='bbox 592 185 679 228; x_wconf 86' lang='lat' dir='ltr'>operari</span> <span class='ocrx_word' id='word_1_9' title='bbox 696 184 753 221; x_wconf 89' lang='lat' dir='ltr'>hona</span> <span class='ocrx_word' id='word_1_10' title='bbox 770 195 842 227; x_wconf 87' lang='lat' dir='ltr'>opera,</span> <span class='ocrx_word' id='word_1_11' title='bbox 859 195 913 228; x_wconf 85' lang='lat' dir='ltr'>quae</span> 
     </span>
     <span class='ocr_line' id='line_1_3' title="bbox 88 256 916 302; baseline -0.002 -7"><span class='ocrx_word' id='word_1_12' title='bbox 88 261 138 295; x_wconf 90' lang='lat' dir='ltr'>sunt</span> <span class='ocrx_word' id='word_1_13' title='bbox 148 269 174 294; x_wconf 87' lang='lat' dir='ltr'>ex</span> <span class='ocrx_word' id='word_1_14' title='bbox 186 258 261 302; x_wconf 81' lang='lat' dir='ltr'>gratia,</span> <span class='ocrx_word' id='word_1_15' title='bbox 274 257 358 294; x_wconf 87' lang='lat' dir='ltr'>scilicet</span> <span class='ocrx_word' id='word_1_16' title='bbox 370 259 436 300; x_wconf 88' lang='lat' dir='ltr'>opera</span> <span class='ocrx_word' id='word_1_17' title='bbox 447 257 567 300; x_wconf 81' lang='lat' dir='ltr'>meritoria3</span> <span class='ocrx_word' id='word_1_18' title='bbox 580 260 651 293; x_wconf 89' lang='lat' dir='ltr'>tamen</span> <span class='ocrx_word' id='word_1_19' title='bbox 664 256 720 293; x_wconf 89' lang='lat' dir='ltr'>bona</span> <span class='ocrx_word' id='word_1_20' title='bbox 733 267 806 299; x_wconf 87' lang='lat' dir='ltr'>opera,</span> <span class='ocrx_word' id='word_1_21' title='bbox 819 256 916 300; x_wconf 87' lang='lat' dir='ltr'>adquae</span> 
     </span>
     <span class='ocr_line' id='line_1_4' title="bbox 87 329 913 373; baseline -0.004 -6"><span class='ocrx_word' id='word_1_22' title='bbox 87 330 167 367; x_wconf 86' lang='lat' dir='ltr'>sufficit</span> <span class='ocrx_word' id='word_1_23' title='bbox 177 329 259 367; x_wconf 90' lang='lat' dir='ltr'>bonum</span> <span class='ocrx_word' id='word_1_24' title='bbox 271 332 367 373; x_wconf 89' lang='lat' dir='ltr'>naturae,</span> <span class='ocrx_word' id='word_1_25' title='bbox 380 329 502 373; x_wconf 78' lang='lat' dir='ltr'>aliqualiter</span> <span class='ocrx_word' id='word_1_26' title='bbox 513 329 600 372; x_wconf 83' lang='lat' dir='ltr'>operari</span> <span class='ocrx_word' id='word_1_27' title='bbox 613 332 712 372; x_wconf 88' lang='lat' dir='ltr'>possunt;</span> <span class='ocrx_word' id='word_1_28' title='bbox 724 329 782 365; x_wconf 89' lang='lat' dir='ltr'>unde</span> <span class='ocrx_word' id='word_1_29' title='bbox 794 338 838 365; x_wconf 92' lang='lat' dir='ltr'>non</span> <span class='ocrx_word' id='word_1_30' title='bbox 850 339 913 371; x_wconf 87' lang='lat' dir='ltr'>opor-</span> 
     </span>
     <span class='ocr_line' id='line_1_5' title="bbox 87 392 917 446; baseline -0.002 -7"><span class='ocrx_word' id='word_1_31' title='bbox 87 404 118 439; x_wconf 87' lang='lat' dir='ltr'>tet</span> <span class='ocrx_word' id='word_1_32' title='bbox 126 402 185 446; x_wconf 87' lang='lat' dir='ltr'>quod</span> <span class='ocrx_word' id='word_1_33' title='bbox 194 392 334 439; x_wconf 75' lang='lat' dir='ltr'>inomni&#39;suo</span> <span class='ocrx_word' id='word_1_34' title='bbox 344 412 410 445; x_wconf 89' lang='lat' dir='ltr'>opere</span> <span class='ocrx_word' id='word_1_35' title='bbox 419 403 516 445; x_wconf 85' lang='lat' dir='ltr'>peccent,</span> <span class='ocrx_word' id='word_1_36' title='bbox 527 401 565 439; x_wconf 91' lang='lat' dir='ltr'>sed</span> <span class='ocrx_word' id='word_1_37' title='bbox 576 401 749 445; x_wconf 81' lang='lat' dir='ltr'>quandocunque</span> <span class='ocrx_word' id='word_1_38' title='bbox 761 400 849 445; x_wconf 78' lang='lat' dir='ltr'>aliquod</span> <span class='ocrx_word' id='word_1_39' title='bbox 859 405 917 444; x_wconf 89' lang='lat' dir='ltr'>opus.</span> 
     </span>
    </p>
   </div>
   <div class='ocr_carea' id='block_1_3' title="bbox 88 471 913 529">
    <p class='ocr_par' dir='ltr' id='par_1_3' title="bbox 88 471 913 529">
     <span class='ocr_line' id='line_1_6' title="bbox 88 471 913 529; baseline -0.001 -19"><span class='ocrx_word' id='word_1_40' title='bbox 88 477 206 518; x_wconf 74' lang='lat' dir='ltr'>operantur</span> <span class='ocrx_word' id='word_1_41' title='bbox 222 485 248 529; x_wconf 77' lang='lat' dir='ltr'>ex</span> <span class='ocrx_word' id='word_1_42' title='bbox 262 473 397 517; x_wconf 86' lang='lat' dir='ltr'>infidelitate,</span> <span class='ocrx_word' id='word_1_43' title='bbox 415 476 466 510; x_wconf 88' lang='lat' dir='ltr'>tunc</span> <span class='ocrx_word' id='word_1_44' title='bbox 483 476 584 517; x_wconf 87' lang='lat' dir='ltr'>peccaut;</span> <span class='ocrx_word' id='word_1_45' title='bbox 603 473 659 510; x_wconf 90' lang='lat' dir='ltr'>sicut</span> <span class='ocrx_word' id='word_1_46' title='bbox 675 473 733 509; x_wconf 91' lang='lat' dir='ltr'>enim</span> <span class='ocrx_word' id='word_1_47' title='bbox 750 472 832 510; x_wconf 90' lang='lat' dir='ltr'>habens</span> <span class='ocrx_word' id='word_1_48' title='bbox 849 471 913 509; x_wconf 90' lang='lat' dir='ltr'>fidem</span> 
     </span>
    </p>
   </div>
   <div class='ocr_carea' id='block_1_4' title="bbox 88 544 914 798">
    <p class='ocr_par' dir='ltr' id='par_1_4' title="bbox 88 544 914 798">
     <span class='ocr_line' id='line_1_7' title="bbox 88 544 914 590; baseline -0.002 -7"><span class='ocrx_word' id='word_1_49' title='bbox 88 548 160 590; x_wconf 88' lang='lat' dir='ltr'>potest</span> <span class='ocrx_word' id='word_1_50' title='bbox 173 546 262 590; x_wconf 82' lang='lat' dir='ltr'>aliquod</span> <span class='ocrx_word' id='word_1_51' title='bbox 276 548 390 589; x_wconf 88' lang='lat' dir='ltr'>peccatum</span> <span class='ocrx_word' id='word_1_52' title='bbox 405 545 539 583; x_wconf 89' lang='lat' dir='ltr'>committere</span> <span class='ocrx_word' id='word_1_53' title='bbox 555 545 579 581; x_wconf 90' lang='lat' dir='ltr'>in</span> <span class='ocrx_word' id='word_1_54' title='bbox 594 547 649 587; x_wconf 90' lang='lat' dir='ltr'>actu,</span> <span class='ocrx_word' id='word_1_55' title='bbox 664 555 728 589; x_wconf 90' lang='lat' dir='ltr'>quem</span> <span class='ocrx_word' id='word_1_56' title='bbox 744 555 787 581; x_wconf 90' lang='lat' dir='ltr'>non</span> <span class='ocrx_word' id='word_1_57' title='bbox 804 544 871 581; x_wconf 84' lang='lat' dir='ltr'>refert</span> <span class='ocrx_word' id='word_1_58' title='bbox 886 545 914 581; x_wconf 90' lang='lat' dir='ltr'>ad</span> 
     </span>
     <span class='ocr_line' id='line_1_8' title="bbox 88 617 913 669; baseline -0.002 -15"><span class='ocrx_word' id='word_1_59' title='bbox 88 617 139 654; x_wconf 88' lang='lat' dir='ltr'>fidei</span> <span class='ocrx_word' id='word_1_60' title='bbox 152 617 223 661; x_wconf 87' lang='lat' dir='ltr'>finem,</span> <span class='ocrx_word' id='word_1_61' title='bbox 236 617 404 661; x_wconf 75' lang='lat' dir='ltr'>vetrentatster,</span> <span class='ocrx_word' id='word_1_62' title='bbox 416 618 450 654; x_wconf 92' lang='lat' dir='ltr'>vel</span> <span class='ocrx_word' id='word_1_63' title='bbox 462 617 527 654; x_wconf 85' lang='lat' dir='ltr'>etiam</span> <span class='ocrx_word' id='word_1_64' title='bbox 540 617 660 669; x_wconf 84' lang='lat' dir='ltr'>mortaliter</span> <span class='ocrx_word' id='word_1_65' title='bbox 673 617 791 660; x_wconf 86' lang='lat' dir='ltr'>peccando,</span> <span class='ocrx_word' id='word_1_66' title='bbox 806 617 836 653; x_wconf 90' lang='lat' dir='ltr'>ita</span> <span class='ocrx_word' id='word_1_67' title='bbox 849 617 913 653; x_wconf 86' lang='lat' dir='ltr'>etiam</span> 
     </span>
     <span class='ocr_line' id='line_1_9' title="bbox 89 688 914 733; baseline 0 -8"><span class='ocrx_word' id='word_1_68' title='bbox 89 689 183 726; x_wconf 89' lang='lat' dir='ltr'>infidelis</span> <span class='ocrx_word' id='word_1_69' title='bbox 194 692 265 732; x_wconf 88' lang='lat' dir='ltr'>potest</span> <span class='ocrx_word' id='word_1_70' title='bbox 278 689 372 733; x_wconf 84' lang='lat' dir='ltr'>aliquem</span> <span class='ocrx_word' id='word_1_71' title='bbox 385 692 456 726; x_wconf 88' lang='lat' dir='ltr'>actum</span> <span class='ocrx_word' id='word_1_72' title='bbox 468 688 549 725; x_wconf 89' lang='lat' dir='ltr'>honum</span> <span class='ocrx_word' id='word_1_73' title='bbox 561 689 632 725; x_wconf 85' lang='lat' dir='ltr'>tacere</span> <span class='ocrx_word' id='word_1_74' title='bbox 645 689 667 724; x_wconf 87' lang='lat' dir='ltr'>in</span> <span class='ocrx_word' id='word_1_75' title='bbox 681 699 706 726; x_wconf 89' lang='lat' dir='ltr'>eo</span> <span class='ocrx_word' id='word_1_76' title='bbox 719 688 778 732; x_wconf 86' lang='lat' dir='ltr'>quod</span> <span class='ocrx_word' id='word_1_77' title='bbox 791 699 834 725; x_wconf 90' lang='lat' dir='ltr'>nou</span> <span class='ocrx_word' id='word_1_78' title='bbox 848 689 914 725; x_wconf 79' lang='lat' dir='ltr'>&#39;refert</span> 
     </span>
     <span class='ocr_line' id='line_1_10' title="bbox 89 760 370 798; baseline -0.007 0"><span class='ocrx_word' id='word_1_79' title='bbox 89 762 117 798; x_wconf 85' lang='lat' dir='ltr'>ad</span> <span class='ocrx_word' id='word_1_80' title='bbox 130 761 195 798; x_wconf 89' lang='lat' dir='ltr'>finem</span> <span class='ocrx_word' id='word_1_81' title='bbox 209 760 343 798; x_wconf 80' lang='lat' dir='ltr'>infidelitatis</span> <span class='ocrx_word' id='word_1_82' title='bbox 352 774 370 797; x_wconf 76' lang='grc'>11.</span> 
     </span>
    </p>
   </div>
   <div class='ocr_carea' id='block_1_5' title="bbox 426 1005 578 1043">
    <p class='ocr_par' dir='ltr' id='par_1_5' title="bbox 426 1005 578 1043">
     <span class='ocr_line' id='line_1_11' title="bbox 426 1005 578 1043; baseline -0.013 0"><span class='ocrx_word' id='word_1_83' title='bbox 426 1005 578 1043; x_wconf 82' lang='lat' dir='ltr'>obiectiones</span> 
     </span>
    </p>
   </div>
   <div class='ocr_carea' id='block_1_6' title="bbox 88 1135 920 2630">
    <p class='ocr_par' dir='ltr' id='par_1_6' title="bbox 88 1135 920 1358">
     <span class='ocr_line' id='line_1_12' title="bbox 137 1135 914 1176; baseline -0.003 -7"><span class='ocrx_word' id='word_1_84' title='bbox 137 1139 154 1175; x_wconf 85' lang='lat'>1)</span> <span class='ocrx_word' id='word_1_85' title='bbox 169 1138 232 1170; x_wconf 87' lang='lat' dir='ltr'>Matth</span> <span class='ocrx_word' id='word_1_86' title='bbox 246 1139 261 1176; x_wconf 80' lang='grc'>7,</span> <span class='ocrx_word' id='word_1_87' title='bbox 274 1139 295 1169; x_wconf 83' lang='grc'>11</span> <span class='ocrx_word' id='word_1_88' title='bbox 308 1148 332 1170; x_wconf 87' lang='lat' dir='ltr'>ss.</span> <span class='ocrx_word' id='word_1_89' title='bbox 347 1138 395 1170; x_wconf 86' lang='lat' dir='ltr'>«Sic</span> <span class='ocrx_word' id='word_1_90' title='bbox 408 1138 472 1169; x_wconf 88' lang='lat' dir='ltr'>omnis</span> <span class='ocrx_word' id='word_1_91' title='bbox 487 1138 545 1169; x_wconf 86' lang='lat' dir='ltr'>arhor</span> <span class='ocrx_word' id='word_1_92' title='bbox 556 1137 609 1169; x_wconf 87' lang='lat' dir='ltr'>hona</span> <span class='ocrx_word' id='word_1_93' title='bbox 622 1137 698 1169; x_wconf 80' lang='lat' dir='ltr'>fructus</span> <span class='ocrx_word' id='word_1_94' title='bbox 712 1136 774 1168; x_wconf 87' lang='lat' dir='ltr'>bonos</span> <span class='ocrx_word' id='word_1_95' title='bbox 788 1136 846 1174; x_wconf 83' lang='lat' dir='ltr'>tacit;</span> <span class='ocrx_word' id='word_1_96' title='bbox 861 1135 914 1167; x_wconf 85' lang='lat' dir='ltr'>mala</span> 
     </span>
     <span class='ocr_line' id='line_1_13' title="bbox 89 1192 914 1236; baseline -0.005 -5"><span class='ocrx_word' id='word_1_97' title='bbox 89 1201 155 1231; x_wconf 85' lang='lat' dir='ltr'>autern</span> <span class='ocrx_word' id='word_1_98' title='bbox 166 1199 224 1230; x_wconf 86' lang='lat' dir='ltr'>arhor</span> <span class='ocrx_word' id='word_1_99' title='bbox 234 1199 297 1229; x_wconf 87' lang='lat' dir='ltr'>malos</span> <span class='ocrx_word' id='word_1_100' title='bbox 309 1198 385 1229; x_wconf 78' lang='lat' dir='ltr'>fructus</span> <span class='ocrx_word' id='word_1_101' title='bbox 397 1192 451 1230; x_wconf 77' lang='lat' dir='ltr'>facit.</span> <span class='ocrx_word' id='word_1_102' title='bbox 462 1198 504 1229; x_wconf 84' lang='lat' dir='ltr'>Nou</span> <span class='ocrx_word' id='word_1_103' title='bbox 515 1198 579 1236; x_wconf 89' lang='lat' dir='ltr'>potest</span> <span class='ocrx_word' id='word_1_104' title='bbox 591 1197 649 1229; x_wconf 86' lang='lat' dir='ltr'>arbor</span> <span class='ocrx_word' id='word_1_105' title='bbox 658 1197 710 1229; x_wconf 88' lang='lat' dir='ltr'>hona</span> <span class='ocrx_word' id='word_1_106' title='bbox 721 1197 784 1228; x_wconf 87' lang='lat' dir='ltr'>malos</span> <span class='ocrx_word' id='word_1_107' title='bbox 796 1197 873 1228; x_wconf 83' lang='lat' dir='ltr'>fructus</span> <span class='ocrx_word' id='word_1_108' title='bbox 885 1196 914 1228; x_wconf 84' lang='lat' dir='ltr'>ta-</span> 
     </span>
     <span class='ocr_line' id='line_1_14' title="bbox 88 1258 920 1297; baseline -0.002 -7"><span class='ocrx_word' id='word_1_109' title='bbox 88 1268 139 1297; x_wconf 80' lang='lat' dir='ltr'>cere3</span> <span class='ocrx_word' id='word_1_110' title='bbox 153 1268 216 1297; x_wconf 88' lang='lat' dir='ltr'>neque</span> <span class='ocrx_word' id='word_1_111' title='bbox 230 1259 288 1290; x_wconf 86' lang='lat' dir='ltr'>arbor</span> <span class='ocrx_word' id='word_1_112' title='bbox 301 1258 354 1290; x_wconf 88' lang='lat' dir='ltr'>mala</span> <span class='ocrx_word' id='word_1_113' title='bbox 367 1258 429 1290; x_wconf 90' lang='lat' dir='ltr'>honos</span> <span class='ocrx_word' id='word_1_114' title='bbox 443 1258 519 1290; x_wconf 83' lang='lat' dir='ltr'>fructus</span> <span class='ocrx_word' id='word_1_115' title='bbox 532 1258 619 1289; x_wconf 79' lang='lat' dir='ltr'>iacere».</span> <span class='ocrx_word' id='word_1_116' title='bbox 632 1258 681 1295; x_wconf 77' lang='lat' dir='ltr'>Ergo</span> <span class='ocrx_word' id='word_1_117' title='bbox 695 1259 785 1295; x_wconf 82' lang='lat' dir='ltr'>peccator</span> <span class='ocrx_word' id='word_1_118' title='bbox 798 1266 837 1289; x_wconf 92' lang='lat' dir='ltr'>nou</span> <span class='ocrx_word' id='word_1_119' title='bbox 850 1259 920 1295; x_wconf 88' lang='lat' dir='ltr'>potest-</span> 
     </span>
     <span class='ocr_line' id='line_1_15' title="bbox 88 1319 297 1358; baseline -0.01 -7"><span class='ocrx_word' id='word_1_120' title='bbox 88 1319 141 1351; x_wconf 87' lang='lat' dir='ltr'>boua</span> <span class='ocrx_word' id='word_1_121' title='bbox 154 1328 215 1358; x_wconf 89' lang='lat' dir='ltr'>opera·</span> <span class='ocrx_word' id='word_1_122' title='bbox 227 1319 297 1351; x_wconf 83' lang='lat' dir='ltr'>facere.</span> 
     </span>
    </p>

    <p class='ocr_par' dir='ltr' id='par_1_7' title="bbox 88 1367 915 1718">
     <span class='ocr_line' id='line_1_16' title="bbox 136 1367 915 1422; baseline -0.004 -11"><span class='ocrx_word' id='word_1_123' title='bbox 136 1379 193 1417; x_wconf 89' lang='lat' dir='ltr'>Resp.</span> <span class='ocrx_word' id='word_1_124' title='bbox 205 1379 223 1415; x_wconf 81' lang='lat' dir='ltr'>a)</span> <span class='ocrx_word' id='word_1_125' title='bbox 236 1379 333 1411; x_wconf 82' lang='lat' dir='ltr'>Dominus</span> <span class='ocrx_word' id='word_1_126' title='bbox 345 1380 412 1422; x_wconf 86' lang='lat' dir='ltr'>monet</span> <span class='ocrx_word' id='word_1_127' title='bbox 425 1378 524 1410; x_wconf 75' lang='lat' dir='ltr'>auditores</span> <span class='ocrx_word' id='word_1_128' title='bbox 538 1377 637 1410; x_wconf 87' lang='lat' dir='ltr'>attendere</span> <span class='ocrx_word' id='word_1_129' title='bbox 649 1377 729 1410; x_wconf 87' lang='lat' dir='ltr'>amalis</span> <span class='ocrx_word' id='word_1_130' title='bbox 742 1367 850 1416; x_wconf 85' lang='lat' dir='ltr'>prophetis,</span> <span class='ocrx_word' id='word_1_131' title='bbox 863 1377 915 1416; x_wconf 84' lang='lat' dir='ltr'>«qui</span> 
     </span>
     <span class='ocr_line' id='line_1_17' title="bbox 88 1438 915 1477; baseline -0.002 -6"><span class='ocrx_word' id='word_1_132' title='bbox 88 1440 171 1472; x_wconf 84' lang='lat' dir='ltr'>veniunt</span> <span class='ocrx_word' id='word_1_133' title='bbox 185 1440 209 1471; x_wconf 91' lang='lat' dir='ltr'>ad</span> <span class='ocrx_word' id='word_1_134' title='bbox 221 1448 255 1471; x_wconf 84' lang='lat' dir='ltr'>vos</span> <span class='ocrx_word' id='word_1_135' title='bbox 269 1440 290 1470; x_wconf 91' lang='lat' dir='ltr'>iu</span> <span class='ocrx_word' id='word_1_136' title='bbox 303 1439 428 1471; x_wconf 88' lang='lat' dir='ltr'>vestimentis</span> <span class='ocrx_word' id='word_1_137' title='bbox 442 1439 515 1477; x_wconf 84' lang='lat' dir='ltr'>ovium,</span> <span class='ocrx_word' id='word_1_138' title='bbox 530 1439 648 1470; x_wconf 86' lang='lat' dir='ltr'>intrinsecus</span> <span class='ocrx_word' id='word_1_139' title='bbox 662 1440 729 1470; x_wconf 87' lang='lat' dir='ltr'>autem</span> <span class='ocrx_word' id='word_1_140' title='bbox 742 1441 789 1470; x_wconf 87' lang='lat' dir='ltr'>suut</span> <span class='ocrx_word' id='word_1_141' title='bbox 801 1438 844 1476; x_wconf 86' lang='lat' dir='ltr'>lupi</span> <span class='ocrx_word' id='word_1_142' title='bbox 858 1447 915 1476; x_wconf 87' lang='lat' dir='ltr'>rapa-</span> 
     </span>
     <span class='ocr_line' id='line_1_18' title="bbox 89 1498 915 1537; baseline -0.002 -6"><span class='ocrx_word' id='word_1_143' title='bbox 89 1510 144 1532; x_wconf 82' lang='lat' dir='ltr'>ces».</span> <span class='ocrx_word' id='word_1_144' title='bbox 158 1500 215 1531; x_wconf 89' lang='lat' dir='ltr'>Tales</span> <span class='ocrx_word' id='word_1_145' title='bbox 229 1509 262 1531; x_wconf 88' lang='lat' dir='ltr'>eos</span> <span class='ocrx_word' id='word_1_146' title='bbox 277 1509 318 1531; x_wconf 91' lang='lat' dir='ltr'>esse</span> <span class='ocrx_word' id='word_1_147' title='bbox 332 1499 457 1537; x_wconf 82' lang='lat' dir='ltr'>cognoscitur</span> <span class='ocrx_word' id='word_1_148' title='bbox 469 1508 492 1530; x_wconf 86' lang='lat' dir='ltr'>ex</span> <span class='ocrx_word' id='word_1_149' title='bbox 506 1507 574 1530; x_wconf 85' lang='lat' dir='ltr'>eorum</span> <span class='ocrx_word' id='word_1_150' title='bbox 589 1498 687 1530; x_wconf 80' lang='lat' dir='ltr'>fructibus</span> <span class='ocrx_word' id='word_1_151' title='bbox 703 1498 729 1535; x_wconf 84' lang='lat' dir='ltr'>(v.</span> <span class='ocrx_word' id='word_1_152' title='bbox 743 1498 780 1535; x_wconf 84' lang='lat'>20).</span> <span class='ocrx_word' id='word_1_153' title='bbox 794 1498 856 1530; x_wconf 85' lang='lat' dir='ltr'>Verus</span> <span class='ocrx_word' id='word_1_154' title='bbox 870 1507 915 1536; x_wconf 88' lang='lat' dir='ltr'>pro-</span> 
     </span>
     <span class='ocr_line' id='line_1_19' title="bbox 89 1557 915 1598; baseline -0.002 -7"><span class='ocrx_word' id='word_1_155' title='bbox 89 1560 149 1598; x_wconf 90' lang='lat' dir='ltr'>pheta</span> <span class='ocrx_word' id='word_1_156' title='bbox 161 1570 172 1592; x_wconf 93' lang='lat' dir='ltr'>a</span> <span class='ocrx_word' id='word_1_157' title='bbox 183 1560 223 1591; x_wconf 90' lang='lat' dir='ltr'>Deo</span> <span class='ocrx_word' id='word_1_158' title='bbox 234 1560 313 1598; x_wconf 75' lang='lat' dir='ltr'>missus,</span> <span class='ocrx_word' id='word_1_159' title='bbox 325 1559 409 1598; x_wconf 85' lang='lat' dir='ltr'>eiusque·</span> <span class='ocrx_word' id='word_1_160' title='bbox 418 1559 508 1591; x_wconf 86' lang='lat' dir='ltr'>doctriua</span> <span class='ocrx_word' id='word_1_161' title='bbox 519 1568 558 1590; x_wconf 89' lang='lat' dir='ltr'>non</span> <span class='ocrx_word' id='word_1_162' title='bbox 571 1559 619 1590; x_wconf 81' lang='lat' dir='ltr'>tacit</span> <span class='ocrx_word' id='word_1_163' title='bbox 632 1558 708 1590; x_wconf 78' lang='lat' dir='ltr'>fructus</span> <span class='ocrx_word' id='word_1_164' title='bbox 721 1557 794 1596; x_wconf 86' lang='lat' dir='ltr'>malos;</span> <span class='ocrx_word' id='word_1_165' title='bbox 808 1558 842 1590; x_wconf 87' lang='lat' dir='ltr'>sed</span> <span class='ocrx_word' id='word_1_166' title='bbox 854 1558 869 1590; x_wconf 93' lang='lat' dir='ltr'>ii</span> <span class='ocrx_word' id='word_1_167' title='bbox 881 1558 915 1597; x_wconf 89' lang='lat' dir='ltr'>qui</span> 
     </span>
     <span class='ocr_line' id='line_1_20' title="bbox 89 1618 914 1658; baseline -0.002 -7"><span class='ocrx_word' id='word_1_168' title='bbox 89 1630 110 1652; x_wconf 88' lang='lat' dir='ltr'>se</span> <span class='ocrx_word' id='word_1_169' title='bbox 122 1621 199 1658; x_wconf 83' lang='lat' dir='ltr'>tingunt</span> <span class='ocrx_word' id='word_1_170' title='bbox 210 1620 323 1658; x_wconf 86' lang='lat' dir='ltr'>prophetas,</span> <span class='ocrx_word' id='word_1_171' title='bbox 336 1619 429 1657; x_wconf 82' lang='lat' dir='ltr'>operibus</span> <span class='ocrx_word' id='word_1_172' title='bbox 441 1618 500 1651; x_wconf 87' lang='lat' dir='ltr'>malis</span> <span class='ocrx_word' id='word_1_173' title='bbox 512 1628 533 1650; x_wconf 85' lang='lat' dir='ltr'>sc</span> <span class='ocrx_word' id='word_1_174' title='bbox 546 1618 637 1657; x_wconf 87' lang='lat' dir='ltr'>produnt.</span> <span class='ocrx_word' id='word_1_175' title='bbox 652 1619 673 1649; x_wconf 91' lang='lat' dir='ltr'>ln</span> <span class='ocrx_word' id='word_1_176' title='bbox 686 1620 779 1650; x_wconf 81' lang='lat' dir='ltr'>contextu</span> <span class='ocrx_word' id='word_1_177' title='bbox 792 1625 836 1656; x_wconf 84' lang='lat' dir='ltr'>ergo</span> <span class='ocrx_word' id='word_1_178' title='bbox 851 1627 914 1650; x_wconf 90' lang='lat' dir='ltr'>sermo</span> 
     </span>
     <span class='ocr_line' id='line_1_21' title="bbox 89 1679 471 1718; baseline -0.005 -6"><span class='ocrx_word' id='word_1_179' title='bbox 89 1690 129 1712; x_wconf 90' lang='lat' dir='ltr'>non</span> <span class='ocrx_word' id='word_1_180' title='bbox 146 1682 175 1712; x_wconf 87' lang='lat' dir='ltr'>est</span> <span class='ocrx_word' id='word_1_181' title='bbox 193 1680 215 1711; x_wconf 89' lang='lat' dir='ltr'>de</span> <span class='ocrx_word' id='word_1_182' title='bbox 230 1682 298 1711; x_wconf 88' lang='lat' dir='ltr'>nostra</span> <span class='ocrx_word' id='word_1_183' title='bbox 315 1679 471 1718; x_wconf 58' lang='lat' dir='ltr'>quaestionem.</span> 
     </span>
    </p>

    <p class='ocr_par' dir='ltr' id='par_1_8' title="bbox 90 1738 915 1899">
     <span class='ocr_line' id='line_1_22' title="bbox 162 1738 915 1777; baseline -0.003 -5"><span class='ocrx_word' id='word_1_184' title='bbox 162 1741 181 1777; x_wconf 84' lang='lat' dir='ltr'>b)</span> <span class='ocrx_word' id='word_1_185' title='bbox 198 1740 218 1772; x_wconf 90' lang='lat' dir='ltr'>Si</span> <span class='ocrx_word' id='word_1_186' title='bbox 231 1742 297 1772; x_wconf 83' lang='lat' dir='ltr'>textus</span> <span class='ocrx_word' id='word_1_187' title='bbox 313 1739 453 1771; x_wconf 85' lang='lat' dir='ltr'>universaliter</span> <span class='ocrx_word' id='word_1_188' title='bbox 466 1738 586 1777; x_wconf 78' lang='lat' dir='ltr'>intelligitur</span> <span class='ocrx_word' id='word_1_189' title='bbox 600 1739 623 1770; x_wconf 91' lang='lat' dir='ltr'>de</span> <span class='ocrx_word' id='word_1_190' title='bbox 639 1739 730 1777; x_wconf 89' lang='lat' dir='ltr'>operibus</span> <span class='ocrx_word' id='word_1_191' title='bbox 746 1740 870 1777; x_wconf 85' lang='lat' dir='ltr'>peccatorum</span> <span class='ocrx_word' id='word_1_192' title='bbox 886 1739 915 1770; x_wconf 89' lang='lat' dir='ltr'>di-</span> 
     </span>
     <span class='ocr_line' id='line_1_23' title="bbox 90 1799 915 1838; baseline -0.001 -7"><span class='ocrx_word' id='word_1_193' title='bbox 90 1800 164 1838; x_wconf 81' lang='lat' dir='ltr'>stingui</span> <span class='ocrx_word' id='word_1_194' title='bbox 182 1802 259 1838; x_wconf 89' lang='lat' dir='ltr'>posset:</span> <span class='ocrx_word' id='word_1_195' title='bbox 272 1809 322 1838; x_wconf 88' lang='lat' dir='ltr'>quae</span> <span class='ocrx_word' id='word_1_196' title='bbox 331 1799 381 1831; x_wconf 82' lang='lat' dir='ltr'>facit</span> <span class='ocrx_word' id='word_1_197' title='bbox 390 1809 430 1838; x_wconf 88' lang='lat' dir='ltr'>qua</span> <span class='ocrx_word' id='word_1_198' title='bbox 440 1801 535 1838; x_wconf 88' lang='lat' dir='ltr'>peccator,</span> <span class='ocrx_word' id='word_1_199' title='bbox 545 1808 607 1836; x_wconf 85' lang='lat' dir='ltr'>couc.;</span> <span class='ocrx_word' id='word_1_200' title='bbox 619 1808 670 1837; x_wconf 89' lang='lat' dir='ltr'>quae</span> <span class='ocrx_word' id='word_1_201' title='bbox 680 1799 728 1831; x_wconf 81' lang='lat' dir='ltr'>facit</span> <span class='ocrx_word' id='word_1_202' title='bbox 741 1799 775 1830; x_wconf 90' lang='lat' dir='ltr'>ille</span> <span class='ocrx_word' id='word_1_203' title='bbox 786 1799 820 1837; x_wconf 90' lang='lat' dir='ltr'>qui</span> <span class='ocrx_word' id='word_1_204' title='bbox 832 1800 862 1831; x_wconf 92' lang='lat' dir='ltr'>est</span> <span class='ocrx_word' id='word_1_205' title='bbox 872 1808 915 1837; x_wconf 83' lang='lat' dir='ltr'>pec-</span> 
     </span>
     <span class='ocr_line' id='line_1_24' title="bbox 90 1863 218 1899; baseline -0.008 -7"><span class='ocrx_word' id='word_1_206' title='bbox 90 1863 150 1899; x_wconf 81' lang='lat' dir='ltr'>cator,</span> <span class='ocrx_word' id='word_1_207' title='bbox 163 1867 218 1898; x_wconf 86' lang='lat' dir='ltr'>nego.</span> 
     </span>
    </p>

    <p class='ocr_par' dir='ltr' id='par_1_9' title="bbox 90 1919 916 2259">
     <span class='ocr_line' id='line_1_25' title="bbox 161 1919 915 1958; baseline 0.001 -8"><span class='ocrx_word' id='word_1_208' title='bbox 161 1920 178 1958; x_wconf 90' lang='lat' dir='ltr'>c)</span> <span class='ocrx_word' id='word_1_209' title='bbox 191 1920 217 1952; x_wconf 89' lang='lat' dir='ltr'>Ut</span> <span class='ocrx_word' id='word_1_210' title='bbox 229 1922 295 1952; x_wconf 74' lang='lat' dir='ltr'>textus</span> <span class='ocrx_word' id='word_1_211' title='bbox 308 1929 343 1958; x_wconf 87' lang='lat' dir='ltr'>pro</span> <span class='ocrx_word' id='word_1_212' title='bbox 357 1920 450 1958; x_wconf 86' lang='lat' dir='ltr'>opposita</span> <span class='ocrx_word' id='word_1_213' title='bbox 462 1919 561 1951; x_wconf 88' lang='lat' dir='ltr'>sententia</span> <span class='ocrx_word' id='word_1_214' title='bbox 575 1919 651 1958; x_wconf 89' lang='lat' dir='ltr'>aliquid</span> <span class='ocrx_word' id='word_1_215' title='bbox 663 1919 761 1958; x_wconf 79' lang='lat' dir='ltr'>probaret,</span> <span class='ocrx_word' id='word_1_216' title='bbox 774 1919 915 1958; x_wconf 81' lang='lat' dir='ltr'>intelligendus</span> 
     </span>
     <span class='ocr_line' id='line_1_26' title="bbox 91 1978 916 2017; baseline -0.001 -5"><span class='ocrx_word' id='word_1_217' title='bbox 91 1983 142 2013; x_wconf 87' lang='lat' dir='ltr'>esset</span> <span class='ocrx_word' id='word_1_218' title='bbox 156 1980 296 2012; x_wconf 85' lang='lat' dir='ltr'>universaliter</span> <span class='ocrx_word' id='word_1_219' title='bbox 309 1981 329 2011; x_wconf 86' lang='lat' dir='ltr'>et</span> <span class='ocrx_word' id='word_1_220' title='bbox 342 1979 447 2017; x_wconf 87' lang='lat' dir='ltr'>exclusive,</span> <span class='ocrx_word' id='word_1_221' title='bbox 461 1978 481 2011; x_wconf 93' lang='lat' dir='ltr'>id</span> <span class='ocrx_word' id='word_1_222' title='bbox 496 1980 531 2017; x_wconf 87' lang='lat' dir='ltr'>esi,</span> <span class='ocrx_word' id='word_1_223' title='bbox 546 1988 615 2011; x_wconf 89' lang='lat' dir='ltr'>sensus</span> <span class='ocrx_word' id='word_1_224' title='bbox 630 1978 707 2011; x_wconf 87' lang='lat' dir='ltr'>deberet</span> <span class='ocrx_word' id='word_1_225' title='bbox 722 1988 774 2011; x_wconf 89' lang='lat' dir='ltr'>esse:</span> <span class='ocrx_word' id='word_1_226' title='bbox 790 1978 843 2011; x_wconf 90' lang='lat' dir='ltr'>hona</span> <span class='ocrx_word' id='word_1_227' title='bbox 858 1979 916 2012; x_wconf 86' lang='lat' dir='ltr'>arbor</span> 
     </span>
     <span class='ocr_line' id='line_1_27' title="bbox 90 2038 915 2078; baseline -0.001 -6"><span class='ocrx_word' id='word_1_228' title='bbox 90 2050 130 2072; x_wconf 91' lang='lat' dir='ltr'>non</span> <span class='ocrx_word' id='word_1_229' title='bbox 142 2040 182 2072; x_wconf 89' lang='lat' dir='ltr'>nisi</span> <span class='ocrx_word' id='word_1_230' title='bbox 194 2040 263 2078; x_wconf 87' lang='lat' dir='ltr'>bonos,</span> <span class='ocrx_word' id='word_1_231' title='bbox 275 2039 329 2072; x_wconf 85' lang='lat' dir='ltr'>mala</span> <span class='ocrx_word' id='word_1_232' title='bbox 340 2049 381 2072; x_wconf 92' lang='lat' dir='ltr'>uon</span> <span class='ocrx_word' id='word_1_233' title='bbox 393 2039 433 2071; x_wconf 89' lang='lat' dir='ltr'>nisi</span> <span class='ocrx_word' id='word_1_234' title='bbox 445 2038 509 2071; x_wconf 86' lang='lat' dir='ltr'>malos</span> <span class='ocrx_word' id='word_1_235' title='bbox 521 2039 598 2071; x_wconf 83' lang='lat' dir='ltr'>tructus</span> <span class='ocrx_word' id='word_1_236' title='bbox 610 2039 675 2071; x_wconf 80' lang='lat' dir='ltr'>facere</span> <span class='ocrx_word' id='word_1_237' title='bbox 687 2041 761 2077; x_wconf 89' lang='lat' dir='ltr'>potest;</span> <span class='ocrx_word' id='word_1_238' title='bbox 776 2041 795 2071; x_wconf 87' lang='lat' dir='ltr'>et</span> <span class='ocrx_word' id='word_1_239' title='bbox 808 2039 915 2078; x_wconf 87' lang='lat' dir='ltr'>applicatio</span> 
     </span>
     <span class='ocr_line' id='line_1_28' title="bbox 92 2099 915 2139; baseline -0.002 -6"><span class='ocrx_word' id='word_1_240' title='bbox 92 2101 116 2133; x_wconf 94' lang='lat' dir='ltr'>ad</span> <span class='ocrx_word' id='word_1_241' title='bbox 131 2109 190 2139; x_wconf 86' lang='lat' dir='ltr'>opera</span> <span class='ocrx_word' id='word_1_242' title='bbox 205 2100 293 2132; x_wconf 90' lang='lat' dir='ltr'>hominis</span> <span class='ocrx_word' id='word_1_243' title='bbox 307 2102 368 2132; x_wconf 87' lang='lat' dir='ltr'>esset:</span> <span class='ocrx_word' id='word_1_244' title='bbox 385 2099 450 2131; x_wconf 87' lang='lat' dir='ltr'>iustus</span> <span class='ocrx_word' id='word_1_245' title='bbox 465 2108 505 2131; x_wconf 90' lang='lat' dir='ltr'>nou</span> <span class='ocrx_word' id='word_1_246' title='bbox 520 2101 586 2137; x_wconf 90' lang='lat' dir='ltr'>potest</span> <span class='ocrx_word' id='word_1_247' title='bbox 599 2099 639 2131; x_wconf 92' lang='lat' dir='ltr'>uisi</span> <span class='ocrx_word' id='word_1_248' title='bbox 654 2099 703 2131; x_wconf 87' lang='lat' dir='ltr'>bene</span> <span class='ocrx_word' id='word_1_249' title='bbox 720 2106 781 2138; x_wconf 82' lang='lat' dir='ltr'>agere,</span> <span class='ocrx_word' id='word_1_250' title='bbox 796 2109 836 2131; x_wconf 94' lang='lat' dir='ltr'>non</span> <span class='ocrx_word' id='word_1_251' title='bbox 850 2103 915 2138; x_wconf 84' lang='lat' dir='ltr'>potest</span> 
     </span>
     <span class='ocr_line' id='line_1_29' title="bbox 90 2159 915 2199; baseline -0.001 -7"><span class='ocrx_word' id='word_1_252' title='bbox 90 2170 175 2199; x_wconf 84' lang='lat' dir='ltr'>peccare,</span> <span class='ocrx_word' id='word_1_253' title='bbox 189 2163 279 2198; x_wconf 83' lang='lat' dir='ltr'>peccator</span> <span class='ocrx_word' id='word_1_254' title='bbox 293 2161 360 2193; x_wconf 89' lang='lat' dir='ltr'>autem</span> <span class='ocrx_word' id='word_1_255' title='bbox 373 2169 414 2191; x_wconf 92' lang='lat' dir='ltr'>uon</span> <span class='ocrx_word' id='word_1_256' title='bbox 429 2160 495 2198; x_wconf 88' lang='lat' dir='ltr'>potest</span> <span class='ocrx_word' id='word_1_257' title='bbox 508 2159 549 2191; x_wconf 87' lang='lat' dir='ltr'>nisi</span> <span class='ocrx_word' id='word_1_258' title='bbox 562 2168 647 2198; x_wconf 84' lang='lat' dir='ltr'>peccare.</span> <span class='ocrx_word' id='word_1_259' title='bbox 662 2159 744 2192; x_wconf 87' lang='lat' dir='ltr'>Constat</span> <span class='ocrx_word' id='word_1_260' title='bbox 759 2161 825 2192; x_wconf 86' lang='lat' dir='ltr'>autem</span> <span class='ocrx_word' id='word_1_261' title='bbox 840 2160 915 2192; x_wconf 90' lang='lat' dir='ltr'>iustum</span> 
     </span>
     <span class='ocr_line' id='line_1_30' title="bbox 90 2218 640 2259; baseline -0.004 -6"><span class='ocrx_word' id='word_1_262' title='bbox 90 2230 147 2259; x_wconf 82' lang='lat' dir='ltr'>posse</span> <span class='ocrx_word' id='word_1_263' title='bbox 160 2230 245 2259; x_wconf 84' lang='lat' dir='ltr'>peccare,</span> <span class='ocrx_word' id='word_1_264' title='bbox 258 2229 321 2258; x_wconf 85' lang='lat' dir='ltr'>neque</span> <span class='ocrx_word' id='word_1_265' title='bbox 334 2219 371 2252; x_wconf 89' lang='lat' dir='ltr'>hoc</span> <span class='ocrx_word' id='word_1_266' title='bbox 385 2219 409 2252; x_wconf 89' lang='lat' dir='ltr'>ah</span> <span class='ocrx_word' id='word_1_267' title='bbox 423 2218 540 2251; x_wconf 85' lang='lat' dir='ltr'>adversariis</span> <span class='ocrx_word' id='word_1_268' title='bbox 552 2220 640 2258; x_wconf 83' lang='lat' dir='ltr'>negatur.</span> 
     </span>
    </p>

    <p class='ocr_par' dir='ltr' id='par_1_10' title="bbox 91 2285 915 2504">
     <span class='ocr_line' id='line_1_31' title="bbox 139 2285 915 2324; baseline 0 -6"><span class='ocrx_word' id='word_1_269' title='bbox 139 2286 157 2324; x_wconf 81' lang='lat'>2)</span> <span class='ocrx_word' id='word_1_270' title='bbox 171 2286 263 2323; x_wconf 81' lang='grc'><strong>11111111,</strong></span> <span class='ocrx_word' id='word_1_271' title='bbox 277 2286 297 2318; x_wconf 83' lang='grc'>6;</span> <span class='ocrx_word' id='word_1_272' title='bbox 313 2296 322 2317; x_wconf 89' lang='grc'>«</span> <span class='ocrx_word' id='word_1_273' title='bbox 331 2285 377 2318; x_wconf 85' lang='lat' dir='ltr'>Siue</span> <span class='ocrx_word' id='word_1_274' title='bbox 388 2285 426 2317; x_wconf 86' lang='lat' dir='ltr'>fide</span> <span class='ocrx_word' id='word_1_275' title='bbox 439 2286 505 2317; x_wconf 86' lang='lat' dir='ltr'>autem</span> <span class='ocrx_word' id='word_1_276' title='bbox 518 2285 642 2324; x_wconf 87' lang='lat' dir='ltr'>impossihile</span> <span class='ocrx_word' id='word_1_277' title='bbox 655 2288 685 2317; x_wconf 91' lang='lat' dir='ltr'>est</span> <span class='ocrx_word' id='word_1_278' title='bbox 698 2285 774 2324; x_wconf 88' lang='lat' dir='ltr'>placere</span> <span class='ocrx_word' id='word_1_279' title='bbox 788 2285 852 2318; x_wconf 82' lang='lat' dir='ltr'>Deo».</span> <span class='ocrx_word' id='word_1_280' title='bbox 865 2285 915 2324; x_wconf 83' lang='lat' dir='ltr'>Ergo</span> 
     </span>
     <span class='ocr_line' id='line_1_32' title="bbox 91 2345 915 2384; baseline -0.001 -6"><span class='ocrx_word' id='word_1_281' title='bbox 91 2347 201 2378; x_wconf 81' lang='lat' dir='ltr'>infidelium</span> <span class='ocrx_word' id='word_1_282' title='bbox 212 2348 267 2378; x_wconf 84' lang='lat' dir='ltr'>actus</span> <span class='ocrx_word' id='word_1_283' title='bbox 278 2346 317 2378; x_wconf 89' lang='lat' dir='ltr'>Deo</span> <span class='ocrx_word' id='word_1_284' title='bbox 327 2356 367 2378; x_wconf 91' lang='lat' dir='ltr'>uon</span> <span class='ocrx_word' id='word_1_285' title='bbox 379 2345 463 2384; x_wconf 87' lang='lat' dir='ltr'>placent,</span> <span class='ocrx_word' id='word_1_286' title='bbox 473 2346 520 2377; x_wconf 75' lang='lat' dir='ltr'>s‘unt</span> <span class='ocrx_word' id='word_1_287' title='bbox 530 2345 589 2378; x_wconf 87' lang='lat' dir='ltr'>mala.</span> <span class='ocrx_word' id='word_1_288' title='bbox 600 2364 625 2368; x_wconf 98' lang='lat'><em>-</em></span> <span class='ocrx_word' id='word_1_289' title='bbox 633 2345 690 2384; x_wconf 86' lang='lat' dir='ltr'>Resp.</span> <span class='ocrx_word' id='word_1_290' title='bbox 701 2345 747 2378; x_wconf 89' lang='lat' dir='ltr'>Sine</span> <span class='ocrx_word' id='word_1_291' title='bbox 757 2345 793 2377; x_wconf 89' lang='lat' dir='ltr'>fide</span> <span class='ocrx_word' id='word_1_292' title='bbox 805 2345 864 2378; x_wconf 88' lang='lat' dir='ltr'>homo</span> <span class='ocrx_word' id='word_1_293' title='bbox 875 2355 915 2378; x_wconf 89' lang='lat' dir='ltr'>non</span> 
     </span>
     <span class='ocr_line' id='line_1_33' title="bbox 91 2405 915 2445; baseline 0 -7"><span class='ocrx_word' id='word_1_294' title='bbox 91 2409 156 2445; x_wconf 82' lang='lat' dir='ltr'>potest</span> <span class='ocrx_word' id='word_1_295' title='bbox 167 2407 207 2438; x_wconf 90' lang='lat' dir='ltr'>Deo</span> <span class='ocrx_word' id='word_1_296' title='bbox 219 2407 301 2444; x_wconf 85' lang='lat' dir='ltr'>placere,</span> <span class='ocrx_word' id='word_1_297' title='bbox 314 2406 334 2438; x_wconf 92' lang='lat' dir='ltr'>id</span> <span class='ocrx_word' id='word_1_298' title='bbox 346 2409 376 2438; x_wconf 90' lang='lat' dir='ltr'>est</span> <span class='ocrx_word' id='word_1_299' title='bbox 387 2406 454 2438; x_wconf 88' lang='lat' dir='ltr'>venire</span> <span class='ocrx_word' id='word_1_300' title='bbox 467 2405 491 2437; x_wconf 86' lang='lat' dir='ltr'>ad</span> <span class='ocrx_word' id='word_1_301' title='bbox 502 2405 607 2445; x_wconf 87' lang='lat' dir='ltr'>iustitiam,</span> <span class='ocrx_word' id='word_1_302' title='bbox 619 2415 681 2443; x_wconf 83' lang='lat' dir='ltr'>couc.;</span> <span class='ocrx_word' id='word_1_303' title='bbox 695 2406 737 2438; x_wconf 82' lang='lat' dir='ltr'>sine</span> <span class='ocrx_word' id='word_1_304' title='bbox 749 2406 785 2438; x_wconf 92' lang='lat' dir='ltr'>fide</span> <span class='ocrx_word' id='word_1_305' title='bbox 796 2415 854 2438; x_wconf 87' lang='lat' dir='ltr'>omne</span> <span class='ocrx_word' id='word_1_306' title='bbox 866 2407 915 2445; x_wconf 88' lang='lat' dir='ltr'>opus</span> 
     </span>
     <span class='ocr_line' id='line_1_34' title="bbox 91 2467 497 2504; baseline -0.002 -6"><span class='ocrx_word' id='word_1_307' title='bbox 91 2467 178 2498; x_wconf 83' lang='lat' dir='ltr'>hominis</span> <span class='ocrx_word' id='word_1_308' title='bbox 192 2468 221 2498; x_wconf 83' lang='lat' dir='ltr'>est</span> <span class='ocrx_word' id='word_1_309' title='bbox 235 2475 309 2497; x_wconf 91' lang='lat' dir='ltr'>novum</span> <span class='ocrx_word' id='word_1_310' title='bbox 322 2468 429 2504; x_wconf 88' lang='lat' dir='ltr'>peccatum,</span> <span class='ocrx_word' id='word_1_311' title='bbox 442 2472 497 2503; x_wconf 78' lang='lat' dir='ltr'>nego.</span> 
     </span>
    </p>

    <p class='ocr_par' dir='ltr' id='par_1_11' title="bbox 92 2530 916 2630">
     <span class='ocr_line' id='line_1_35' title="bbox 139 2530 914 2570; baseline 0 -7"><span class='ocrx_word' id='word_1_312' title='bbox 139 2533 157 2569; x_wconf 86' lang='lat'>3)</span> <span class='ocrx_word' id='word_1_313' title='bbox 170 2532 229 2570; x_wconf 89' lang='lat' dir='ltr'>Atqui</span> <span class='ocrx_word' id='word_1_314' title='bbox 241 2541 298 2563; x_wconf 87' lang='lat' dir='ltr'>omne</span> <span class='ocrx_word' id='word_1_315' title='bbox 310 2541 365 2570; x_wconf 87' lang='lat' dir='ltr'>opus,</span> <span class='ocrx_word' id='word_1_316' title='bbox 376 2532 428 2570; x_wconf 89' lang='lat' dir='ltr'>quod</span> <span class='ocrx_word' id='word_1_317' title='bbox 439 2541 479 2564; x_wconf 91' lang='grc'><strong>11011</strong></span> <span class='ocrx_word' id='word_1_318' title='bbox 491 2533 521 2563; x_wconf 85' lang='grc'>151</span> <span class='ocrx_word' id='word_1_319' title='bbox 532 2541 555 2563; x_wconf 85' lang='lat' dir='ltr'>ex</span> <span class='ocrx_word' id='word_1_320' title='bbox 565 2531 607 2570; x_wconf 83' lang='lat' dir='ltr'>fide,</span> <span class='ocrx_word' id='word_1_321' title='bbox 619 2534 649 2564; x_wconf 92' lang='lat' dir='ltr'>est</span> <span class='ocrx_word' id='word_1_322' title='bbox 659 2534 766 2570; x_wconf 85' lang='lat' dir='ltr'>peccatum.</span> <span class='ocrx_word' id='word_1_323' title='bbox 779 2531 829 2564; x_wconf 90' lang='lat' dir='ltr'>Rom</span> <span class='ocrx_word' id='word_1_324' title='bbox 841 2531 869 2570; x_wconf 84' lang='lat'>14,</span> <span class='ocrx_word' id='word_1_325' title='bbox 881 2530 914 2564; x_wconf 84' lang='lat'>23:</span> 
     </span>
     <span class='ocr_line' id='line_1_36' title="bbox 92 2591 916 2630; baseline -0.001 -6"><span class='ocrx_word' id='word_1_326' title='bbox 92 2593 170 2624; x_wconf 77' lang='lat' dir='ltr'>«Omne</span> <span class='ocrx_word' id='word_1_327' title='bbox 183 2595 254 2629; x_wconf 74' lang='lat' dir='ltr'>autem,</span> <span class='ocrx_word' id='word_1_328' title='bbox 265 2592 318 2630; x_wconf 92' lang='lat' dir='ltr'>quod</span> <span class='ocrx_word' id='word_1_329' title='bbox 329 2601 368 2624; x_wconf 88' lang='lat' dir='ltr'>nou</span> <span class='ocrx_word' id='word_1_330' title='bbox 379 2594 409 2624; x_wconf 87' lang='lat' dir='ltr'>est</span> <span class='ocrx_word' id='word_1_331' title='bbox 420 2601 443 2623; x_wconf 84' lang='lat' dir='ltr'>ex</span> <span class='ocrx_word' id='word_1_332' title='bbox 455 2591 498 2630; x_wconf 80' lang='lat' dir='ltr'>fide,</span> <span class='ocrx_word' id='word_1_333' title='bbox 507 2593 609 2630; x_wconf 84' lang='lat' dir='ltr'>peccatum</span> <span class='ocrx_word' id='word_1_334' title='bbox 620 2593 672 2624; x_wconf 83' lang='lat' dir='ltr'>est».</span> <span class='ocrx_word' id='word_1_335' title='bbox 684 2610 708 2614; x_wconf 92' lang='lat'><em>-</em></span> <span class='ocrx_word' id='word_1_336' title='bbox 719 2591 776 2630; x_wconf 88' lang='lat' dir='ltr'>Resp.</span> <span class='ocrx_word' id='word_1_337' title='bbox 788 2591 810 2623; x_wconf 93' lang='lat' dir='ltr'>Iu</span> <span class='ocrx_word' id='word_1_338' title='bbox 823 2593 916 2624; x_wconf 82' lang='lat' dir='ltr'>contextu</span> 
     </span>
    </p>
   </div>
   <div class='ocr_carea' id='block_1_7' title="bbox 140 2712 655 2750">
    <p class='ocr_par' dir='ltr' id='par_1_12' title="bbox 140 2712 655 2750">
     <span class='ocr_line' id='line_1_37' title="bbox 140 2712 655 2750; baseline 0.002 -7"><span class='ocrx_word' id='word_1_339' title='bbox 140 2716 166 2737; x_wconf 71' lang='lat'>168</span> <span class='ocrx_word' id='word_1_340' title='bbox 180 2713 208 2744; x_wconf 81' lang='lat' dir='ltr'>Cf.</span> <span class='ocrx_word' id='word_1_341' title='bbox 221 2713 323 2750; x_wconf 73' lang='lat' dir='ltr'>schechem</span> <span class='ocrx_word' id='word_1_342' title='bbox 337 2712 447 2750; x_wconf 79' lang='lat' dir='ltr'>Dogmatik.</span> <span class='ocrx_word' id='word_1_343' title='bbox 461 2712 489 2744; x_wconf 89' lang='lat'>111</span> <span class='ocrx_word' id='word_1_344' title='bbox 504 2712 512 2750; x_wconf 83' lang='lat'><strong>§</strong></span> <span class='ocrx_word' id='word_1_345' title='bbox 526 2712 560 2745; x_wconf 83' lang='lat'>296</span> <span class='ocrx_word' id='word_1_346' title='bbox 574 2712 655 2744; x_wconf 66' lang='grc'><strong>111474.</strong></span> 
     </span>
    </p>
   </div>
   <div class='ocr_carea' id='block_1_8' title="bbox 0 0 984 3093">
    <p class='ocr_par' dir='ltr' id='par_1_13' title="bbox 0 0 984 3093">
     <span class='ocr_line' id='line_1_38' title="bbox 0 0 984 3093; baseline 0 0"><span class='ocrx_word' id='word_1_347' title='bbox 0 0 984 3093; x_wconf 95' lang='lat' dir='ltr'> </span> 
     </span>
    </p>
   </div>
  </div>
 </body>
</html>
