1952 3093
443 81 562 119 -311-

86 204 138 241 tiam
154 214 214 241 suam
227 203 314 241 unicam
329 214 375 241 esse
390 215 431 253 qua
446 214 477 247 ea,
493 213 547 247 quae
563 204 585 239 in
602 202 698 239 fontibus
714 202 827 244 hahentur,
844 200 911 244 expli-

88 275 133 313 cari
146 276 238 320 possint.

141 347 162 385 Si
175 350 246 385 autem
259 347 366 385 sententia
381 349 410 385 ita
425 347 559 391 intelligitur,
573 351 597 384 ut
611 348 680 384 solum
694 347 747 384 illud
763 357 800 383 ens
816 349 911 383 creatum

87 424 158 457 artum
172 421 259 458 vitalem
273 420 403 458 antecedens
418 421 445 457 sit
458 415 547 464 proprie
561 420 629 464 gratia
643 423 664 456 et
677 420 720 463 ipsi
735 422 794 457 actus
808 417 913 455 indelibe-

87 493 128 529 rati
143 504 155 529 a
169 493 253 529 ratione
269 492 350 535 gratiae
366 493 514 534 excludantur,
529 502 572 529 non
588 492 632 528 iam
646 491 732 528 videtur
747 491 791 528 illis
807 489 911 532 sufficere,

87 576 141 609 quae
157 566 227 602 toules
241 565 352 608 praebent,
366 566 397 602 uti
412 577 437 601 ex
452 549 546 601 textibus
562 575 627 608 supra
642 564 712 601 allatis
728 564 779 601 satis
793 566 858 607 patet.
874 562 913 598 Ne-

87 637 163 680 quein
178 637 215 674 tali
230 636 380 680 suppositione
396 637 547 680 explicaretur,
561 636 670 680 quomodo
684 637 753 679 gratia
767 635 857 672 actualis
872 634 912 671 ele·
936 683 941 693 Ι

87 718 140 745 vans
153 709 245 746 morales
257 719 341 753 quoque
354 709 411 746 vires
425 708 529 752 conferat,
542 709 585 745 nisi
597 708 645 752 quis
657 719 703 745 eam
716 708 768 745 velit
779 707 851 744 iacere
864 717 912 749 sup-

87 780 224 824 positionem,
243 780 334 824 gratiam
354 781 472 817 elevantem
493 784 513 817 et
532 784 645 817 sanantem
662 791 747 823 semper
765 791 811 816 esse
831 778 912 815 auxilia

87 852 175 889 realiter
190 848 301 896 distincta,
317 855 336 889 et
352 853 443 896 gratiam
461 855 572 890 sanantem
589 863 706 896 numquam
724 863 770 890 esse
786 852 911 894 elevantem,

87 935 141 968 quae
158 924 280 968 suppositio
295 925 318 960 in
335 925 405 961 forma
421 929 464 962 tam
481 925 599 961 universali
616 925 652 960 vix
670 925 747 961 multos
765 923 861 960 inveniet
879 923 913 959 de-

88 997 192 1036 fensores.
205 997 227 1035 Si
240 1001 310 1035 antem
323 997 377 1035 haec
391 998 497 1034 sententia
511 997 574 1035 simul
588 1009 637 1034 cum
650 997 687 1034 illo
701 1000 749 1034 ente
762 996 841 1033 fluente
854 996 913 1039 ipsos

88 1080 172 1114 quoque
188 1072 247 1107 actus
261 1069 416 1114 indeliberatos
430 1080 470 1113 pro
485 1070 554 1113 gratia
570 1061 734 1113 actuali'habet,
751 1070 852 1112 exparte
868 1067 914 1104 lon-

88 1141 142 1178 tium
155 1134 294 1179 revelat10nis
308 1141 345 1177 vix
358 1142 477 1186 quidquam
492 1144 567 1179 contra
583 1153 629 1179 eam
646 1141 690 1178 dici
705 1143 782 1184 potest,
798 1140 842 1176 nisi
856 1140 914 1183 quod

89 1212 171 1257 aliquid
186 1224 251 1257 supra
266 1224 296 1257 ea,
311 1224 365 1257 quae
379 1214 402 1250 in
416 1213 512 1250 fontibus
527 1214 668 1250 inveniuntur
683 1215 767 1250 statuat.

142 1284 189 1321 Alia
206 1287 237 1322 est
254 1284 360 1321 sententia
375 1296 429 1329 quae
446 1296 457 1321 a
473 1285 559 1329 Molina,
577 1285 654 1322 Suarez
671 1288 691 1321 et
707 1285 780 1322 multis
796 1285 913 1321 molimstis

90 1356 220 1394 defenditur.
236 1356 268 1392 Ex
284 1368 308 1393 eo
323 1357 429 1400 procedit,
445 1357 503 1400 quod
518 1357 540 1392 iu
557 1357 653 1394 lontibus
669 1357 738 1399 gratia
754 1356 844 1393 actualis
861 1367 913 1393 sem-

88 1439 128 1472 per
140 1432 230 1474 apparet
240 1431 263 1465 ut
275 1431 334 1465 actus
347 1428 468 1465 intellectus
482 1433 502 1465 et
515 1429 638 1470 voluntatis,
651 1440 676 1465 ex
689 1429 756 1466 altera
768 1431 829 1472 parte
842 1430 913 1464 autem

89 1500 126 1537 illa
139 1500 225 1537 interna
240 1500 337 1543 elevatio,
351 1511 415 1543 quam
429 1501 490 1543 prior
505 1502 611 1537 sententia
627 1501 706 1543 statuit,
721 1502 754 1537 vel
769 1499 913 1543 impossibilis

89 1572 123 1616 sit,
136 1572 170 1609 vel
182 1573 257 1609 saltem
270 1583 304 1609 res
316 1572 379 1609 valde
394 1572 488 1609 difficilis
503 1576 523 1609 et
536 1577 651 1616 propterea
665 1583 708 1609 non
723 1572 858 1610 admittenda
870 1572 913 1608 nisi

89 1643 185 1681 absolute
197 1645 225 1682 sit
236 1643 368 1688 necessaria;
381 1647 469 1681 censent
479 1648 549 1681 autem
560 1646 623 1681 talem
636 1644 786 1681 necessitatem
798 1655 842 1681 non
854 1644 914 1680 ades-

90 1727 118 1759 se,
134 1726 232 1754 eumres
247 1715 353 1759 explicari
366 1716 436 1760 possit
451 1716 497 1753 sine
513 1716 550 1753 illo
565 1720 613 1753 ente
627 1716 713 1753 fluente.

118 1805 119 1808 =
141 1787 199 1824 Deus
214 1788 272 1825 enim
285 1790 395 1831 tamquam
408 1799 520 1831 supremus
535 1788 639 1825 Dominus
653 1791 764 1825 creaturae
778 1789 914 1831 omnipoten-

89 1860 119 1896 tia
133 1859 207 1896 suain
222 1859 326 1897 creaturis
340 1862 360 1896 et
372 1871 412 1903 per
425 1860 473 1896 illas
487 1860 571 1897 efficere
586 1864 656 1903 potest
671 1871 695 1897 ea
709 1861 788 1905 omnia,
802 1871 856 1904 quae
870 1870 913 1896 non

91 1932 166 1969 dicunt
177 1932 297 1970 absolutam
308 1932 479 1976 repugnantiam.
490 1932 545 1968 Huic
556 1933 665 1976 potentiae
678 1932 764 1970 divinae
775 1932 798 1969 in
811 1932 915 1969 creaturis

90 2003 207 2047 respondet
223 2003 326 2047 potentia,
344 2014 398 2047 quae
416 2004 496 2041 dicitur
514 2004 666 2041 obedientialis
673 2007 698 2041 4⁶.
718 2003 753 2041 Sic
769 2005 826 2041 Deus
844 2006 915 2047 potest

90 2078 210 2112 creaturam
221 2075 388 2112 intellectualem
401 2076 484 2113 elevare
497 2076 519 2111 in
532 2077 632 2113 ordinem
644 2076 718 2113 stricte
729 2076 914 2120 supernaturalem

91 2147 152 2191 eique
165 2158 205 2191 per
220 2148 301 2185 donum
317 2150 418 2192 creatum,
433 2151 542 2192 tamquam
558 2159 644 2185 causam
660 2149 779 2191 formalem,
796 2149 914 2186 communi-

91 2230 139 2257 care
154 2219 287 2257 consortium
300 2222 389 2257 naturae
404 2219 491 2256 divinae
508 2221 584 2263 (pratia
599 2220 752 2263 sanctificans),
765 2225 785 2257 et
800 2221 914 2264 potentias,

92 2290 169 2335 quihus
185 2292 255 2335 possit
269 2291 346 2328 elicere
363 2295 424 2329 actus
438 2292 549 2329 entitative
565 2293 745 2336 supernaturales,
762 2293 799 2337 qui
815 2292 867 2329 huic
883 2303 916 2329 or-

93 2362 139 2400 dini
157 2364 316 2407 supernaturali
333 2364 505 2407 correspondent
525 2364 623 2405 (virtutes
640 2365 741 2407 infusae).
758 2365 782 2401 In
800 2365 834 2401 his
853 2365 916 2401 donis

93 2435 226 2479 recipiendis
242 2438 339 2473 creatura
353 2447 375 2473 se
390 2435 456 2473 hahet
469 2436 555 2479 passive
571 2440 591 2473 et
606 2437 636 2473 sic
653 2437 750 2479 potentia
765 2436 916 2474 obedientialis

93 2509 124 2544 est
138 2508 231 2551 passiva.
246 2508 362 2552 Postquam
377 2519 428 2545 vero
444 2508 500 2545 dona
514 2508 552 2545 illa
565 2509 654 2552 recepit,
670 2511 768 2546 creatura
782 2509 851 2546 active
865 2520 916 2552 ope-

92 2579 161 2617 rando
172 2583 234 2617 actus
247 2580 358 2617 entitative
372 2580 545 2624 supernaturales
558 2591 639 2623 ponere
653 2584 729 2624 potest,
743 2586 763 2618 et
776 2583 807 2617 sic
820 2583 917 2623 potentia

141 2745 158 2767 4⁶
172 2741 234 2781 Supra
245 2749 288 2782 pag.
301 2741 341 2774 180.
