1952 3093
473 58 594 95 -130-

122 187 198 223 ornata
213 184 301 229 quidem
315 187 349 221 est
362 185 431 229 gratia
445 184 599 228 sanctificante,
615 185 653 228 qui
668 187 739 221 autern
754 187 863 227 tamquam
879 183 946 223 Filius

122 256 161 294 Dei
173 257 278 293 naturalis
289 267 333 294 uon
343 260 414 300 potest
424 268 471 294 esse
482 257 538 294 filius
551 257 675 302 adoptivum
687 256 775 299 adoptio
787 256 845 292 enim
856 258 889 292 est
900 266 946 299 per-

123 339 188 366 sonae
202 331 316 366 extraneae
329 329 352 364 iu
366 329 414 366 iura
427 329 466 365 til-ii
481 329 584 366 naturalis
598 329 724 372 assumptio.

174 472 240 510 Estne
255 473 325 517 pratia
341 473 483 518 soractifieuus
500 484 564 511 eausa
581 473 680 517 formalis
697 471 832 510 remissionis
848 475 946 516 peecato-

122 545 183 582 rum?
196 545 308 589 Quomodo
321 546 379 583 inter
392 557 438 583 sese
451 545 531 582 habent
544 545 625 582 infusio
638 544 720 589 gratiae
734 547 755 581 et
766 544 894 588 peccatum?
907 544 947 582 Irn-

123 618 200 661 primis
213 620 273 661 patet
285 628 325 661 per
338 628 359 655 se
372 617 499 661 possibilem
513 628 559 654 esse
573 617 706 654 infusionem
719 617 800 660 gratiae
815 616 861 653 sine
874 618 947 654 remis·

124 690 186 726 sione
201 692 347 733 peccatorum,
363 690 383 727 si
399 690 423 726 in
441 689 537 726 subiecto
553 692 666 732 peceatum
683 699 727 726 non
742 688 859 731 invenitur,
876 688 909 725 uti
925 690 947 726 in

124 761 210 799 Christo
225 761 320 805 homine,
337 762 360 798 in
375 761 573 805 protoparentihus‚
597 761 620 797 in
641 761 731 804 angelis.
753 760 867 798 Praeterea
890 763 948 804 patet

124 833 193 870 Deum
209 834 233 869 in
251 834 293 870 alio
310 833 387 871 ordine
404 833 500 876 potuisse
518 833 627 870 remittere
644 836 757 877 peecatum
775 833 821 869 sine
838 832 948 871 infusione

125 904 213 949 gratiae.
227 905 273 943 Hoc
284 909 357 942 autem
370 906 394 942 in
406 906 515 949 praesenti
530 905 607 943 ordine
620 904 668 942 fieri
683 915 726 942 non
741 907 821 949 potest;
837 915 887 941 nam
901 916 948 941 eon-

125 977 198 1015 versio
209 977 236 1014 ad
248 978 317 1014 Deum
328 977 393 1014 finem
404 977 504 1014 ultimum
515 977 538 1014 in
550 977 660 1020 praesenti
671 977 749 1014 ordine
763 977 809 1013 sine
822 977 890 1020 gratia
904 987 949 1013 san-

126 1048 234 1086 ctificante
247 1060 291 1086 non
304 1049 405 1093 habetur;
420 1049 516 1086 defectus
528 1049 592 1086 huius
606 1049 687 1092 gratiae
700 1059 744 1086 non
759 1051 791 1086 est
803 1058 863 1085 mera
877 1059 949 1085 caren-

126 1121 162 1164 tia,
173 1121 212 1158 sed
223 1132 274 1159 vera
284 1121 385 1164 privatio,
399 1120 545 1166 deordinatio;
558 1131 609 1158 nam
620 1121 650 1158 ita
662 1121 727 1158 homo
739 1131 827 1158 aversus
840 1122 893 1157 esta
905 1120 949 1158 Deo

126 1192 169 1230 fine
183 1204 222 1230 suo
236 1193 319 1230 ultimo.
332 1192 427 1230 Privatio
443 1193 524 1236 gratiae
539 1192 694 1230 sanctificantis
710 1193 733 1229 in
748 1192 858 1236 praesenti
873 1192 949 1230 ordine

127 1265 271 1302 essentialiter
288 1265 316 1302 ad
333 1267 446 1308 peceatum
464 1264 558 1308 pertinet
566 1268 600 1301 1⁴⁰.
618 1264 725 1302 Remissio
744 1265 828 1307 peccati
847 1274 896 1308 ergo
915 1274 949 1301 ne-

128 1337 222 1373 cessario
238 1337 339 1381 postulat,
357 1340 381 1373 ut
397 1336 450 1374 haec
467 1337 562 1380 privatio
581 1337 674 1381 tollatur,
690 1339 715 1373 ut
731 1336 800 1379 gratia
816 1335 949 1373 infundatur.

127 1408 195 1445 Porro
209 1408 233 1444 in
248 1408 324 1445 eodem
339 1408 435 1446 subiecto
450 1418 494 1446 non
510 1408 575 1445 simul
587 1409 729 1445 inveniuntur
743 1411 856 1451 peccatum
871 1411 892 1445 et
906 1417 950 1451 gra·

127 1480 157 1516 tia
171 1479 317 1524 sanctificans;
332 1480 384 1517 hinc
398 1480 422 1516 in
436 1483 550 1523 peccatore
565 1480 646 1517 infusio
660 1481 740 1523 gratiae
754 1490 799 1517 uon
813 1482 845 1517 esi
858 1480 905 1516 sine
921 1491 950 1517 re-

128 1552 232 1588 missione
251 1555 396 1595 peccatorum.
417 1552 458 1589 Sed
477 1552 529 1589 inde
548 1552 645 1589 nondum
664 1552 786 1589 necessario
807 1552 909 1596 sequitur,
929 1555 951 1588 ut

128 1623 227 1660 remissio
239 1624 323 1667 peceati
337 1623 458 1660 formaliter
471 1624 498 1661 sit
510 1634 551 1667 per
562 1624 633 1667 ipsam
646 1624 743 1667 gratiam.
757 1624 839 1660 Hefner
845 1626 875 1648 14²*
885 1626 950 1666 notat,

128 1695 246 1732 ooncilium
263 1695 405 1732 tridentinum
421 1696 477 1732 hanc
494 1696 597 1732 formam:
616 1695 779 1733 «iustificatio...
797 1706 841 1732 non
859 1699 890 1732 est
907 1696 950 1731 sola

128 1770 267 1810 peccatorum
280 1767 386 1811 remissio,
399 1767 440 1804 sed
453 1771 474 1804 et
487 1766 668 1805 sanctificatio...»
684 1767 779 1811 elegisse,
794 1768 845 1811 quia
858 1777 902 1804 non
917 1778 951 1803 vo-

128 1839 192 1876 luerit
206 1839 307 1876 decidere
321 1839 470 1889 quaestionem
486 1839 623 1883 disputatam,
637 1843 709 1876 utrum
724 1839 857 1876 infusionem
871 1839 950 1883 gratiae

129 1913 189 1948 aetus
204 1911 244 1947 Dei
258 1911 365 1948 juridicus
381 1910 500 1954 antecedat,
516 1921 558 1955 quo
574 1914 663 1953 peccata
679 1911 822 1954 remittantur,
838 1922 864 1947 an
880 1912 951 1947 remis-

130 1983 162 2019 sio
178 1983 263 2026 peccati
279 1993 319 2025 per
335 1983 405 2025 ipsam
422 1982 554 2019 infusionem
571 1983 651 2025 gratiae
667 1982 781 2028 habeatur3
799 1986 820 2019 et
836 1983 867 2019 ita
882 1982 951 2019 conci-

129 2055 182 2090 lium
200 2054 269 2091 solum
289 2054 372 2097 docere,
392 2055 418 2091 de
437 2054 494 2091 facto
513 2058 602 2097 peccata
618 2065 662 2092 non
679 2054 761 2092 remitti
777 2055 825 2092 sine
843 2054 951 2091 infusione

130 2125 217 2169 gratiae.
236 2125 299 2162 Nunc
319 2129 389 2163 autem
409 2126 503 2169 theologi
523 2127 601 2163 docent
621 2130 678 2163 recte
698 2127 742 2163 diei
762 2137 802 2170 per
821 2127 951 2163 infusionem

130 2197 211 2241 gratiae
225 2197 292 2235 deleri
305 2201 424 2241 peccatum.

184 2269 226 2306 Sed
241 2270 358 2313 quaeritur,
374 2273 445 2306 utrum
461 2270 489 2307 sit
505 2281 530 2306 ex
545 2272 621 2306 natura
637 2270 724 2313 gratiae,
739 2270 795 2313 quod
812 2273 925 2314 peceatum
941 2279 952 2304 a

132 2340 228 2378 subiecto
246 2342 269 2377 in
286 2352 329 2385 quo
348 2344 379 2380 esi
396 2341 502 2378 excludat.
519 2340 623 2379 Scotistae
642 2345 663 2378 et
680 2342 747 2385 aliqui
766 2342 886 2379 nominales
905 2350 952 2377 con-

131 2412 211 2449 cedunt
226 2412 315 2457 quidem
331 2413 422 2456 gratiam
439 2412 609 2450 sanctificantem
626 2424 672 2450 esse
689 2424 776 2450 causam
793 2413 906 2451 formalem
923 2423 953 2448 re-

131 2484 242 2521 missionis
256 2485 340 2527 peccati
356 2488 377 2521 et
389 2484 556 2528 iustificationis,
572 2485 610 2521 sed
625 2495 668 2522 non
685 2486 835 2530 adaequatam,
852 2484 953 2522 accedere

180 2662 207 2683 140
220 2659 249 2691 Cf.
265 2659 327 2691 Tract.
343 2659 365 2691 de
381 2661 465 2697 peccato.

181 2722 207 2743 141
221 2718 265 2756 Pag.
282 2718 321 2751 258.
