1952 3093
447 57 568 102 3-382*

142 177 290 214 Adversantur
303 178 354 215 huic
366 179 422 215 thesi
432 179 499 215 iidem
512 179 549 222 qui
559 176 725 220 praecedentem
738 175 816 212 thesim
829 177 923 219 negant

144 262 205 305 Quod
216 262 345 301 infidelibus
357 264 463 308 negativis
475 264 553 301 adultis
564 273 604 307 pro
617 265 713 305 tempore
726 261 859 299 concedatur
869 270 914 306 gra·

90 336 120 372 tia
133 335 209 372 saltem
222 339 303 374 remote
317 337 438 382 sufficiens,
451 340 475 375 ut
486 337 571 381 possint
583 336 658 373 venire
670 335 697 372 ad
711 334 800 371 salutem
813 343 871 371 nuno
883 336 915 371 est

91 407 198 444 sententia
215 409 276 451 quasi
293 410 415 446 communis
432 413 452 446 et
468 411 532 446 certa.

145 489 224 528 Sensus
240 490 305 529 huius
323 492 435 530 doctrinae
451 495 492 531 est:
510 492 583 529 Adulti
598 495 689 536 possunt
706 492 821 535 pervenire
836 491 864 528 ad
881 501 915 529 co·
932 483 934 486 ’

91 563 211 608 gnitionem
224 564 264 602 Dei
278 568 299 603 et
312 565 469 610 obligationum
482 577 534 610 quas
548 565 634 609 hahent,
647 567 668 602 et
681 568 741 601 actus
755 564 866 602 moraliter
878 564 915 601 ho-

92 638 164 672 nestos
183 640 203 673 et
222 637 290 674 malos
308 648 397 680 ponere.
415 638 467 675 Cum
485 638 541 674 Deus
560 638 615 674 serio
635 637 732 673 omniunt
750 637 840 673 salutem
858 636 915 678 velit,

41 735 42 739 ,
92 707 192 745 omnihus
210 708 312 745 coneedit
327 710 495 753 possibilitatem
511 709 593 746 vitandi
610 712 723 752 peccatum
741 708 837 746 mortale.
855 707 916 745 Hanc

92 780 260 824 possibilitatem
277 783 357 826 partim
376 782 456 820 habent
473 783 527 826 ipsis
544 782 589 819 suis
607 781 689 818 viribus
708 781 849 826 naturalibus,
868 792 916 819 curn

93 864 135 890 non
153 864 228 891 ornnes
244 855 374 894 tentationes
390 860 410 893 et
426 855 567 893 difficultates
584 854 689 892 excedant
705 854 762 892 vires
778 854 881 898 physicas
897 858 917 891 et

93 926 185 962 morales
199 927 319 963 hominurn.
335 927 357 964 Si
372 932 442 964 autem
456 931 573 964 occurrunt
587 927 735 970 difficultates
749 937 801 970 quas
815 936 917 969 superare

93 997 176 1034 viribus
193 998 327 1036 naturalibus
345 1000 456 1037 moraliter
473 1003 503 1038 cst
520 999 661 1043 impossihile,
678 999 735 1037 Deus
750 1001 840 1043 propter
858 997 917 1036 Chri-

93 1075 150 1108 stum
161 1071 189 1108 iis
201 1072 302 1109 concedit
314 1073 425 1116 auxilium,
437 1084 479 1117 quo
491 1073 575 1116 possint
587 1082 622 1110 eas
635 1082 744 1115 superare.
755 1072 801 1110 Hoc
813 1072 917 1109 auxilium

95 1154 137 1180 non
154 1144 217 1180 dehet
233 1156 279 1181 csse
294 1145 405 1181 entitative
422 1145 589 1188 supernaturale,
605 1144 643 1181 sed
658 1147 791 1187 potestesse
807 1145 918 1181 entitativc

94 1216 198 1259 naturale,
213 1218 377 1259 supernaturale
391 1218 462 1261 quoad
477 1217 570 1253 modum.
585 1216 607 1254 Si
622 1218 687 1253 homo
702 1215 858 1254 tentationibus
872 1226 918 1253 suc-

95 1288 176 1326 cumbit
193 1292 213 1326 et
227 1291 322 1333 graviter
338 1294 420 1333 peccat,
437 1290 506 1327 simile
523 1290 639 1327 dicendum
655 1290 747 1333 videtur,
763 1289 821 1334 quod
837 1289 918 1327 dictum

95 1365 127 1399 est
140 1362 281 1405 praecedenti
297 1360 356 1398 thesi
370 1362 396 1398 de
412 1362 569 1405 peccatoribus,
583 1363 623 1399 sel.
638 1363 697 1405 quod
714 1373 753 1406 pro
771 1366 866 1404 tempore
883 1363 919 1398 ha-
941 1364 944 1367 ’

95 1433 176 1470 behunt
193 1433 264 1471 adhuc
283 1434 388 1470 auxilium
407 1435 482 1471 saltem
500 1437 580 1471 remote
599 1434 707 1471 sufficiens
725 1435 753 1471 ad
772 1434 861 1471 vitanda
878 1433 920 1471 alia

95 1509 185 1550 peccata
200 1507 306 1544 mortalia.
322 1506 343 1544 Si
359 1506 408 1551 quis
423 1511 494 1544 autem
509 1517 552 1545 non
566 1506 686 1544 mortaliter
702 1510 784 1551 peccat,
800 1506 838 1544 sed
851 1507 919 1550 legem

96 1579 215 1616 naturalem
231 1579 338 1622 observat,
355 1580 411 1615 Deus
428 1581 491 1616 talem
507 1579 595 1616 habehit
612 1580 671 1617 circa
688 1590 736 1617 eum
753 1579 920 1623 providentiam,

96 1654 120 1688 ut
130 1653 199 1694 possit
212 1652 291 1688 elicere
303 1654 374 1688 actum
388 1652 441 1688 fidei
454 1652 481 1688 ad
494 1653 583 1688 salutem
596 1652 742 1689 necessarium
754 1652 815 1688 etita
827 1651 921 1694 positive

97 1734 120 1761 sc
132 1734 263 1767 praeparare
276 1723 303 1761 ad
317 1723 505 1768 iustificationem;
521 1733 570 1767 crgo
583 1735 646 1761 uerno
660 1723 771 1762 moraliter
784 1723 870 1761 adultus
883 1734 921 1767 pu-

97 1797 157 1833 nitur
173 1798 259 1833 aeterna
277 1807 347 1839 poena
365 1807 413 1832 cum
431 1797 476 1832 solo
492 1800 582 1839 peccato
598 1797 705 1840 originali.
723 1796 835 1839 Quomodo
852 1799 922 1833 autern

98 1869 154 1905 Deus
169 1872 239 1905 actum
256 1869 310 1905 fidei
325 1870 348 1904 in
365 1869 402 1905 tali
418 1879 468 1905 casu
482 1869 565 1905 homini
582 1869 708 1912 possibilem
723 1869 805 1912 reddat,
823 1869 922 1905 determi-

98 1943 147 1978 nate
164 1942 208 1978 dici
225 1940 305 1985 nequit,
322 1941 426 1984 quamdiu
443 1940 515 1984 plures
532 1941 579 1978 viae
594 1941 638 1978 Deo
656 1941 771 1984 possibiles
787 1944 836 1978 sunt
853 1951 922 1985 neque

98 2014 155 2050 Deus
171 2013 233 2051 nohis
251 2013 361 2057 revelavit,
379 2014 464 2056 qualem
481 2024 506 2049 ex
524 2013 665 2056 possibilibus
682 2008 761 2058 eligere
778 2013 839 2058 velit;
856 2013 922 2050 immo

99 2097 124 2123 ex
137 2097 168 2130 eo,
179 2086 238 2131 quod
250 2097 290 2123 nos
302 2085 401 2122 indicare
414 2096 457 2121 uon
471 2086 584 2129 possimus,
596 2097 649 2130 quae
662 2086 697 2124 via
707 2087 753 2123 Deo
766 2086 794 2124 sit
803 2085 922 2130 possibilis,

99 2169 142 2194 non
156 2159 258 2203 sequitur,
273 2162 296 2195 ut
310 2158 368 2194 nulla
384 2157 412 2193 sit
425 2159 469 2194 Dec
485 2158 594 2200 possibilis
602 2163 626 2196 4².
640 2159 671 2196 De
686 2169 776 2196 numero
792 2169 872 2202 eorum,
886 2151 922 2202 dui

100 2232 132 2268 ita
143 2242 182 2274 per
197 2231 367 2274 specialem‘Dei
382 2230 541 2272 providentiam
557 2232 706 2273 perducuntur
719 2231 747 2268 ad
762 2242 835 2268 veram
849 2230 923 2272 fidem.

99 2308 171 2340 utrum
189 2303 217 2340 sit
235 2314 331 2347 magnus,
349 2313 435 2346 parvus.
454 2302 509 2338 nihil
526 2304 614 2341 omnino
633 2303 720 2347 scimus,
738 2304 789 2348 quia
807 2303 864 2340 Deus
882 2303 924 2340 hoc

101 2387 143 2413 non
162 2377 297 2414 revelavitv.
316 2375 442 2419 «Quamdiu
461 2385 511 2411 vero
529 2376 551 2412 in
570 2376 633 2413 terris
652 2387 763 2414 versamur
780 2376 866 2413 mortali
883 2376 924 2412 hac

100 2450 180 2492 gravati
200 2450 261 2491 mole,
280 2459 334 2491 quae
352 2448 436 2484 hebetat
455 2447 555 2490 animam,
574 2448 699 2486 firmissime
718 2451 828 2485 teneamus
846 2460 871 2484 ex
891 2458 924 2484 ca-

100 2575 243 2582 -—-.-..—....

150 2664 167 2685 ⁴²
179 2660 207 2693 De
222 2659 331 2693 virtutihus
345 2658 462 2697 theologicis
477 2668 506 2691 nr.
520 2658 560 2692 373.

150 2723 168 2745 ⁴³
180 2720 208 2752 De
221 2719 329 2753 virtutihus
344 2718 461 2756 theologicis
477 2727 505 2751 nr.
521 2718 561 2752 375.
