1952 3093
427 115 548 152 -219-

75 241 216 282 tentationem
233 241 367 283 conceditur,
386 251 472 283 semper
487 243 519 276 est
537 239 649 276 entitative
665 238 846 282 supernaturalis;
864 237 903 273 sed

75 326 118 354 non
133 314 220 351 videtur
235 314 310 350 adesse
325 312 434 351 sufficiens
449 313 504 349 ratio
518 312 560 349 hoc
576 311 706 355 simpliciter
721 310 816 354 negandi
831 309 903 354 quoad

76 398 118 429 eos,
131 387 168 430 qui
180 386 277 424 nondum
289 385 387 429 eredunt,
401 384 439 422 sed
451 384 524 428 potius
537 384 690 421 assumendum
704 386 742 426 est,
754 383 798 420 illis
810 393 903 427 quoq-ue,

22 490 23 493 η
76 460 151 498 saltem
167 458 283 502 interdum,
299 458 379 506 gratias
395 440 507 494 entitatire
524 456 699 512 supernatur-ales
715 456 807 493 concedi
825 455 853 493 ad
870 466 904 491 su-

76 531 184 577 perandas
197 530 334 568 tentationes.
349 529 371 567 Si
386 532 457 566 autem
469 529 539 572 gratia
551 533 584 566 est
598 529 710 566 entitative
725 527 903 572 supernaturalis,

76 613 127 648 ergo
143 613 188 640 non
205 603 274 640 solum
291 612 377 646 sanans,
393 602 434 639 sed
451 602 516 638 etiam
532 602 627 644 elevans,
645 601 712 638 multo
728 601 797 644 magis
814 603 905 643 apparet

77 686 123 714 eam
138 686 185 713 esse
200 675 281 711 donum
295 673 420 718 gratuitum.

129 747 228 784 Attamen
245 747 268 783 in
283 746 344 784 omni
362 746 512 789 suppositione
529 745 615 782 videtur
631 744 687 782 illud
702 745 807 782 auxilium
822 744 904 788 aliqua·

77 824 139 858 tenus
152 830 198 856 esse
212 819 315 856 debit-um.
328 818 383 856 Nam
395 819 453 855 Deus
466 818 530 855 debet
541 817 627 855 homini
641 818 692 855 dare
705 818 743 854 illa
756 817 843 861 auxilia,
857 817 904 854 sine

76 892 155 937 quibus
166 891 251 929 homini
263 891 360 928 absolute
373 890 510 934 impossibile
521 893 553 927 est
565 891 635 933 legem
648 890 768 927 naturalem
782 890 904 930 observare,

77 965 166 1007 peccata
176 963 300 1006 personalia
310 963 410 1000 mortalia
421 962 509 999 evitare.
520 962 596 1005 Agitur
608 962 667 999 enim
678 961 704 999 de
716 961 788 1005 aliqua
799 961 905 1005 impoten-

78 1036 108 1072 tia
123 1045 178 1080 quae
193 1035 216 1071 in
232 1034 281 1078 ipsa
296 1037 374 1071 natura
388 1034 484 1071 hominis
501 1033 611 1078 tundatur,
626 1036 649 1071 et
664 1044 719 1078 quae
736 1033 811 1071 eadem
827 1033 862 1070 vel
878 1033 906 1070 si-

78 1107 136 1145 milis
148 1109 204 1144 esset
215 1107 250 1144 vel
260 1117 307 1144 esse
318 1109 392 1151 posset
403 1106 426 1142 in
438 1109 494 1145 statu
506 1109 595 1143 naturae
606 1093 680 1149 purae,
692 1106 715 1141 in
727 1116 769 1149 quo
781 1106 827 1141 sine
839 1105 905 1142 dubio

78 1180 119 1217 tale
132 1178 237 1217 auxilium
250 1182 339 1217 naturae
354 1178 450 1216 debitum
464 1179 547 1216 fuisset.

130 1251 165 1289 Ad
183 1251 225 1289 hoc
245 1251 313 1295 aliqui
331 1251 425 1294 theologi
445 1252 584 1295 respondent,
603 1252 661 1289 hane
681 1250 836 1293 infirmitatem,
855 1251 906 1287 licet

78 1323 154 1360 eadem
172 1323 207 1360 vel
225 1322 304 1359 similis
322 1324 346 1359 in
363 1323 442 1360 ordine
460 1326 549 1360 naturae
566 1334 634 1365 pupae
651 1324 734 1366 fuisset,
754 1323 776 1358 in
796 1323 906 1365 praesenti

79 1397 150 1432 tamen
168 1394 247 1432 ordine
264 1405 290 1431 ex
307 1397 397 1438 peceato
415 1394 538 1438 provenire,
557 1397 576 1431 et
594 1397 711 1437 propterea
726 1395 843 1437 provocari
862 1404 906 1431 non

68 1477 143 1516 vposse
158 1467 185 1504 ad
199 1477 231 1511 ea,
244 1477 299 1512 quae
313 1467 336 1504 iu
351 1469 408 1504 statu
422 1470 512 1504 naturae
525 1478 592 1511 purae
607 1468 680 1504 futura
694 1467 793 1504 tuissent.
807 1467 832 1503 ln
846 1477 907 1510 prae-

80 1539 135 1576 senti
153 1540 212 1577 enim
228 1540 305 1577 ordine
323 1551 363 1583 per
380 1542 494 1583 peccatum
510 1540 576 1577 homo
594 1550 680 1577 ornnem
699 1539 829 1583 exigentiam
848 1539 907 1576 illius

79 1611 156 1648 auxilii
168 1612 246 1655 amisit,
259 1611 319 1656 quod
331 1613 351 1648 ei
365 1612 388 1648 in
401 1615 457 1648 statu
469 1614 558 1649 naturae
570 1622 636 1654 purae
651 1612 747 1648 debitum
760 1612 843 1649 fuisset.

133 1682 180 1719 Hoc
194 1692 323 1726 responsum
338 1683 448 1726 supponit,
462 1694 526 1726 posse
541 1674 653 1720 hominem
668 1686 758 1726 propter
773 1684 843 1720 solum
858 1694 908 1726 pee-

80 1757 152 1791 catum
165 1754 271 1798 originale
285 1754 428 1791 essentialiter
442 1754 546 1792 damuum'
558 1754 604 1798 pati
616 1754 640 1791 in
654 1754 688 1798 iis,
702 1765 756 1798 quae
769 1754 817 1798 ipsa
830 1758 908 1791 natura

81 1827 153 1871 exigit,
163 1831 186 1865 et
195 1837 249 1871 quae
259 1827 292 1863 sic
303 1827 331 1864 ad
342 1830 442 1864 naturam
454 1827 570 1871 pertinent.
583 1827 625 1864 Sed
635 1827 760 1871 oppositum
772 1827 907 1870 principium

81 1898 152 1936 verius
167 1899 254 1936 videtur
267 1902 289 1937 et
301 1900 365 1943 longe
379 1900 517 1938 communius
530 1910 543 1936 a
557 1899 662 1943 theologis
676 1899 792 1936 adhibetur
806 1899 829 1935 in
845 1909 908 1943 quae-

81 1969 151 2007 stione
166 1970 192 2008 de
205 1971 297 2014 sequelis
311 1972 396 2013 peccati
410 1971 523 2014 originalis
537 1982 577 2014 pro
591 1972 658 2008 altera
672 1971 716 2007 vita
724 1974 758 2007 22⁸.
772 1970 909 2014 Consequen-

82 2044 115 2077 ter
128 2051 178 2085 ergo
194 2041 312 2078 dicendum
327 2045 364 2084 est,
380 2042 444 2078 etiam
457 2043 481 2078 in
493 2042 535 2079 hae
550 2042 595 2079 vita
609 2042 720 2079 hominem
734 2045 824 2085 propter
839 2043 909 2079 solum

81 2116 195 2156 peceatum
207 2113 313 2158 originale
327 2114 354 2151 iis
367 2124 411 2151 non
425 2113 582 2159 privationem
596 2117 673 2152 natura
685 2113 733 2158 ipsa
746 2120 786 2158 per
799 2125 822 2152 se
836 2114 908 2158 exigit,

82 2185 128 2222 sine
147 2186 225 2231 quihus
246 2186 343 2223 absolute
364 2186 500 2229 impossibile
521 2190 553 2223 est
573 2187 642 2223 uitare
661 2189 775 2229 peccatum
794 2187 909 2231 personale

82 2258 179 2295 mortale.

136 2329 192 2372 Ergo
206 2330 323 2367 dicendum
338 2334 380 2367 est:
399 2330 495 2367 debitum
511 2334 542 2367 est
556 2330 648 2372 homini,
663 2331 701 2374 qui
715 2334 749 2367 est
763 2332 786 2367 in
801 2331 847 2368 solo
860 2309 921 2374 pec-—

83 2403 130 2437 cato
148 2400 257 2445 originali,
273 2401 312 2445 qui
328 2401 425 2438 nondum
443 2401 552 2439 commisit
569 2404 659 2444 peccata
675 2401 806 2445 personalia,
823 2405 848 2439 ut
866 2412 909 2439 non

83 2472 111 2509 sit
123 2472 147 2509 in
159 2473 197 2510 illa
209 2472 307 2511 absoluta
319 2472 448 2517 impotentia
461 2473 545 2511 vitandi
559 2477 672 2517 peecatum
684 2474 784 2518 mortale;
798 2474 862 2511 debet
874 2474 910 2510 ha-

83 2544 135 2582 bere
153 2545 321 2589 possibilitatem
339 2548 453 2589 peccatum
472 2546 567 2583 vitandi:
590 2546 680 2583 debetur
698 2546 719 2585 ei
738 2547 850 2590 auxilium,
868 2531 911 2591 quo

83 2617 153 2659 possit
168 2621 281 2661 peceatum
298 2618 373 2654 vitare.
387 2617 436 2655 Non
452 2621 523 2655 autem
540 2618 630 2655 debetur
644 2619 677 2655 illi
694 2619 799 2656 auxilium
815 2619 911 2663 aliquod,

83 2710 224 2717 -4———d

84 2780 110 2802 Μ
124 2778 152 2810 Cf.
168 2778 277 2811 doctrinam
292 2779 314 2811 de
329 2779 390 2811 limbo
405 2779 538 2817 parvulorum.
