1952 3093
432 64 555 104 -358-

76 183 159 221 meritis
175 184 268 222 fideliter
285 186 426 225 reddendam.
444 189 501 226 Haec
518 189 616 226 voluutas
634 198 678 226 non
696 192 728 226 est
744 188 848 234 absoluta,
865 191 902 227 sed

76 256 231 300 conditionata,
247 258 265 295 si
278 259 362 298 scilicet
375 260 467 299 fideliter
482 273 530 298 cum
544 261 613 305 gnatia
628 265 773 305 cooperantur
786 265 807 299 et
820 262 843 299 in
857 272 903 306 gra·

77 328 105 364 tia
123 329 237 367 decedunt.
255 330 416 376 Consequenter
433 335 460 371 ad
476 334 591 377 gratuitam
606 334 663 370 hanc
680 333 852 372 conditionatam
868 346 903 372 vo-

77 402 180 438 luntatem
196 393 295 440 salvandi
310 415 385 442 omnes
401 407 457 443 Deus
472 406 564 456 gratuito
580 406 625 442 vult
642 406 693 443 dare
708 406 808 444 omnibus
824 407 904 451 gratias

78 475 219 519 necessarias,
236 478 260 512 ut
278 477 368 515 salutem
388 478 429 516 sibi
448 478 568 521 promereri
586 477 677 521 possint,
697 479 716 515 si
734 479 808 522 veiint,
825 479 904 523 gratias

78 557 128 583 vero
145 547 281 586 sufficientes.
297 549 436 594 praeparatio
454 561 503 594 ergo
519 554 539 589 et
556 550 642 588 collatio
658 550 740 594 gratiae
756 550 804 589 fluit
820 563 845 589 ex
862 552 905 588 sin-

79 629 128 656 cera
146 621 256 658 voluntate
276 622 371 660 salvifica
390 623 507 660 universati
527 623 681 666 conditionata,
701 634 755 667 quae
774 634 817 661 non
837 628 905 661 cessat

78 691 121 728 uisi
136 697 293 737 consequenter
309 695 336 731 ad
351 695 473 738 praevisam
488 695 676 739 impoenitentiam
690 694 783 733 finalem.

132 769 231 815 Ordines,
250 771 272 807 in
291 773 369 817 quibus
388 784 462 811 omnes
480 773 529 810 illae
547 773 689 811 condiciones
706 773 849 817 essentialiter
867 774 905 811 im-

78 843 148 886 pletae
162 845 218 887 sunt,
232 845 294 881 multi
307 845 423 888 possibiles
436 849 495 882 sunt:
512 845 579 883 iidem
591 844 691 883 homines
704 850 793 889 possent
808 857 853 884 esse
866 846 905 883 sub

79 914 171 953 diversis
188 915 365 961 circumstantiis,
382 917 481 961 accipere
497 918 583 954 diversa
599 917 679 955 auxilia
694 918 775 961 gratiae
792 920 838 962 etc,
853 918 905 963 quin

79 988 212 1025 universales
226 988 364 1028 conditiones
378 990 462 1027 ordinis
476 993 615 1027 mutarentur.
631 989 749 1034 Antequam
765 993 834 1027 autem
849 990 906 1027 Deus

81 1071 105 1098 ex
125 1060 159 1097 his
179 1061 294 1098 ordinibus
312 1062 453 1104 possibilibus
472 1073 538 1099 unum
557 1062 653 1099 absolute
672 1062 775 1106 decernit,
796 1063 836 1099 scit
854 1063 906 1106 quid

80 1133 101 1168 in
116 1132 182 1170 variis
198 1134 313 1171 ordinibus
326 1134 468 1178 possibilibus
482 1135 577 1171 futurum
592 1137 654 1172 esset.

131 1205 189 1242 Deus
204 1216 222 1242 e.
237 1216 256 1249 g.
272 1209 331 1243 certo
345 1206 392 1250 scit,
407 1207 430 1243 in
445 1206 586 1244 determinato
600 1206 678 1244 ordine
692 1206 794 1249 possibili
807 1218 829 1244 se
838 1207 906 1258 ,Petro

82 1278 181 1315 daturum
200 1289 245 1315 esse
261 1279 361 1322 gratuito,
380 1279 426 1315 sine
443 1279 487 1316 ullo
504 1278 581 1316 merito
599 1278 657 1316 Petri
674 1279 781 1322 praeviso,
799 1278 856 1316 hanc
874 1279 907 1315 vei

80 1350 140 1387 iliam
157 1350 255 1394 gratiam,
273 1350 324 1395 quia
340 1351 406 1388 habet
423 1351 532 1388 voluntem
548 1350 720 1388 conditionatam
737 1362 785 1388 eum
802 1351 907 1392 salvandi.

82 1425 101 1459 et
115 1434 136 1460 se
150 1422 249 1460 daturum
260 1422 318 1460 hanc
331 1423 422 1466 gratiam
434 1423 461 1460 ad
473 1423 522 1468 hoc,
535 1426 558 1459 ut
571 1422 647 1460 Petrus
660 1423 697 1459 illa
710 1426 782 1460 utatur
795 1423 907 1461 adactum

80 1495 161 1533 bonum
175 1495 302 1532 salutarem:
317 1494 386 1538 gratia
399 1506 449 1532 vore
461 1494 575 1532 sufficiens.
588 1494 645 1533 Deus
657 1495 704 1538 scit,
717 1495 735 1532 si
747 1494 804 1533 hanc
817 1495 908 1539 gratiam

83 1567 148 1611 daret,
166 1567 252 1604 Petrum
271 1567 339 1604 iibere
358 1570 524 1611 cooperaturum
542 1578 598 1604 esse:
619 1567 710 1611 gratiam
729 1578 775 1604 esse
793 1566 908 1606 efficacem.

82 1639 156 1677 Petrus
176 1640 206 1676 ita
226 1650 275 1676 cum
295 1639 376 1676 auxilio
395 1639 475 1682 gratiae
495 1650 517 1676 se
536 1639 661 1683 disponeret
680 1639 707 1677 ad
726 1638 908 1677 iustificationem.

81 1712 138 1748 Deus
153 1712 217 1748 veltet
230 1722 277 1748 eum
291 1711 410 1755 perducere
424 1711 451 1748 ad
465 1710 645 1753 iustificationem
659 1722 707 1749 eum
721 1710 844 1748 iustificare.
858 1710 909 1748 Post

82 1783 257 1820 iustificationem
272 1783 329 1820 Deus
345 1783 408 1820 vellet
423 1783 455 1819 itii
471 1783 522 1819 dare
537 1783 623 1826 gratias,
637 1786 660 1820 ut
675 1794 725 1820 cum
738 1793 812 1820 earum
827 1782 908 1820 auxilio

83 1855 124 1893 sibi
134 1858 253 1893 mereretur
265 1858 402 1899 augmentum
414 1855 494 1898 gratiae
506 1853 670 1899 sanctificantis;
682 1855 724 1892 scit
734 1855 821 1892 Petrum
833 1866 909 1898 coope-

84 1931 179 1965 raturum
192 1939 237 1965 esse
250 1930 270 1964 et
279 1928 321 1964 tale
333 1929 470 1970 augmentum
481 1927 522 1964 sibi
534 1927 622 1972 mereri;
632 1927 689 1964 Deus
701 1930 791 1970 propter
802 1927 856 1965 illud
868 1938 909 1963 me-

83 2000 148 2037 ritum
162 2000 226 2037 vellet
239 2000 283 2043 ipsi
298 2009 375 2043 augere
389 1999 479 2043 gratiam
494 1999 663 2036 sanctificantem
678 1999 796 2036 secundum
812 1999 853 2036 hoc
868 2010 909 2035 me-

84 2072 156 2110 ritum.
169 2073 226 2109 Deus
240 2072 330 2109 ulterius
343 2071 407 2108 Petro
423 2070 482 2108 daret
495 2071 580 2115 gratias,
593 2073 616 2108 ut
629 2070 672 2108 illis
686 2073 789 2116 uteretur,
803 2074 826 2108 ut
838 2071 910 2108 vince·

85 2148 116 2182 ret
127 2147 277 2182 occurrentem
288 2144 436 2185 tentationem,
447 2146 471 2179 ut
481 2142 580 2179 meritum
594 2154 655 2180 suum
668 2145 765 2186 augeret:
780 2143 848 2186 gratia
861 2154 910 2179 vere

38 2234 40 2238 >
85 2216 202 2260 sufficiens3
219 2216 294 2254 Petrus
311 2218 381 2252 autem
398 2225 441 2251 non
458 2218 611 2258 cooperaturus
628 2218 689 2258 esset,
705 2214 786 2258 gratiae
801 2215 911 2252 resisteret

85 2291 105 2325 et
116 2290 226 2332 peccaret:
240 2287 309 2332 gratia
319 2290 416 2323 maneret
426 2297 484 2323 mere
495 2285 609 2324 sufficiens.
620 2287 677 2323 Deus
688 2289 765 2337 aute-m,
777 2297 826 2323 cum
836 2287 910 2324 volun-

85 2364 117 2398 tas
134 2361 229 2399 salvifica
246 2370 296 2404 erga
311 2360 399 2398 Petrum
417 2359 565 2397 conditionata
580 2359 651 2397 adhuc
668 2362 822 2403 perseveraret,
838 2369 911 2402 perge·

86 2436 117 2470 ret
130 2434 152 2470 in
165 2433 240 2477 gratiis
254 2432 347 2476 gratuito
362 2431 447 2474 dandis,
460 2433 484 2468 nt
496 2430 571 2468 Petrus
586 2435 748 2469 converteretur
762 2435 782 2468 et
796 2431 823 2468 ad
837 2431 911 2468 iustifi-

86 2505 193 2543 cationem
209 2517 254 2543 sese
272 2492 408 2548 disponeret:
427 2502 507 2546 gratiae.
522 2514 572 2540 vere
588 2503 724 2540 sufficientes.
741 2503 816 2540 Petrus
834 2504 911 2541 iterum

86 2580 240 2621 cooperaturus
255 2572 315 2614 esset'
329 2575 405 2619 (gratia
420 2574 509 2619 efficax),
526 2577 687 2612 converteretur
703 2578 723 2612 et
738 2576 760 2611 in
777 2577 912 2612 sacramento

86 2649 232 2692 poenitentiae
250 2648 329 2685 iterum
347 2647 506 2684 iustificaretur.
524 2646 581 2684 Deus
599 2658 685 2690 semper
702 2647 735 2683 illi
754 2647 815 2685 daret
832 2647 912 2691 gratias

86 2732 135 2759 vere
149 2721 285 2763 sufficientes,
291 2720 371 2775 ¹Petrus
384 2718 463 2755 abhinc
477 2729 525 2755 cum
538 2718 581 2755 iilis
594 2721 753 2763 cooperaretur,
765 2718 854 2756 multum
866 2729 912 2756 ora·
