1952 3093
420 74 542 110 -149-

67 198 153 239 lientur,
172 194 332 232 observandum
351 203 391 231 nos
411 193 544 238 distinguere
563 205 588 231 en
605 192 698 232 Auctore
717 192 780 230 hic³²
800 204 818 230 a.
838 192 856 230 o.
876 204 894 230 o.

69 268 147 312 duplex
162 267 263 304 meritum
279 267 305 304 de
318 276 423 312 congrum
439 277 506 303 unum
519 266 633 310 proprium
649 269 669 303 et
682 265 788 309 strictum,
804 264 895 302 alterum

57 338 133 378 'rarum
148 342 168 377 et
182 339 334 383 improprium.
349 338 449 376 Meritum
465 339 491 376 de
507 348 602 382 congruo
618 341 638 375 et
654 338 752 376 strictum
767 337 894 382 reponimus

68 414 89 449 in
103 412 149 448 iure
164 410 274 448 amicabili
288 411 316 448 ad
328 410 456 455 praemium,
469 421 508 454 per
522 410 581 454 quod
596 410 737 454 distinguitur
750 422 762 448 a
776 410 854 448 merito
868 410 894 447 de

68 483 182 527 condigno,
201 483 259 528 quod
276 483 380 527 importat
399 482 495 520 debitum
513 483 615 520 iustitiae.
633 482 733 520 Meritum
753 483 779 520 de
798 492 893 526 congruo

67 559 108 594 late
128 558 148 592 et
167 555 287 599 improprie
308 558 416 599 sumptum
437 555 562 599 reponimus
583 555 606 591 in
626 555 734 599 exigentia
754 555 836 592 formae
855 565 894 598 per

68 628 155 666 modum
170 627 321 671 dispositionis
335 630 371 665 aut
384 628 551 671 impetrationis.
567 627 659 670 Quidam
673 630 743 664 autem
757 627 894 664 contundunt

67 704 180 744 utrumque
191 699 233 737 hoc
246 700 346 736 meritum
358 700 384 736 de
396 709 500 744 congrum
514 699 572 736 unde
584 699 653 737 oritur
664 699 775 737 discordia
787 699 894 736 internos

69 776 87 811 et
101 773 167 816 ipsos,
181 772 232 809 dum
245 772 289 816 ipsi
303 772 379 809 dieunt
393 772 499 816 quaedam
513 772 591 809 cadere
606 771 644 809 sub
659 771 736 809 merito
752 771 778 808 de
792 780 893 814 congruo,

68 844 125 890 quod
140 854 179 882 nos
195 854 306 888 negamus;
323 844 361 882 sed
375 847 399 881 ut
413 847 478 888 patet,
493 848 524 881 est
540 845 688 881 controversia
703 844 729 881 de
745 844 832 880 nomine
849 846 894 880 tan-

68 921 118 959 tum,
132 919 190 953 etex
205 916 290 953 diversa
304 916 447 960 intelligentia
460 916 531 953 meriti
547 916 572 953 de
586 925 682 959 congruo
691 929 710 955 ».,
722 916 807 953 Deinde
821 916 895 953 statuit

68 990 109 1026 hoc
123 992 238 1026 assertum:
255 988 341 1026 «Nemo
355 991 425 1032 potest
438 988 480 1026 sibi
494 989 573 1026 mereri
587 989 680 1033 primam
694 989 785 1032 gratiam
797 988 894 1025 habitua-

68 1063 115 1104 lem,
129 1072 198 1104 neque
211 1061 236 1098 de
250 1061 365 1104 condigno,
379 1072 448 1105 neque
463 1061 488 1098 de
502 1052 597 1104 congruo
609 1061 707 1104 proprio,
721 1061 759 1097 sed
772 1062 894 1104 improprio

69 1136 177 1170 tantum».
191 1132 218 1170 Et
231 1133 286 1171 ratio
299 1135 364 1177 patet,
378 1134 429 1178 quia
443 1134 497 1170 illud
510 1134 544 1170 ius
559 1133 679 1176 amicabile,
693 1133 751 1177 quod
765 1132 857 1170 habetur
872 1133 894 1168 in

69 1206 145 1242 merito
158 1206 183 1242 de
195 1215 296 1249 congruo,
308 1216 351 1242 non
363 1205 474 1243 invenitur
486 1205 529 1242 nisi
541 1207 564 1242 in
576 1206 646 1242 amico
656 1205 703 1250 Dei,
716 1206 738 1242 in
750 1205 839 1243 homine
851 1205 895 1242 iam

69 1277 189 1315 iustificato.
202 1277 226 1314 ln
237 1278 277 1314 hae
291 1278 397 1315 sententia
410 1288 459 1322 ergo
472 1289 535 1315 omne
546 1278 647 1315 meritum
659 1278 685 1315 de
697 1288 793 1322 congruo
805 1277 895 1321 proprie

70 1350 151 1387 dictum
167 1350 241 1393 negari
257 1350 319 1387 debet
335 1350 362 1388 iis
378 1351 415 1395 qui
432 1351 503 1388 adhue
519 1354 569 1387 sunt
585 1350 608 1387 in
623 1352 679 1388 statu
695 1351 812 1394 peccatiffl.

121 1434 261 1472 Communior
277 1438 347 1471 autem
363 1435 452 1472 omnino
469 1435 575 1472 sententia
590 1435 739 1479 theologorum
756 1437 793 1478 est,
811 1435 838 1471 ad
854 1446 895 1471 me-

70 1507 134 1544 ritum
152 1507 177 1543 de
194 1516 289 1550 congruo
306 1518 350 1544 non
368 1507 449 1551 requiri
468 1510 545 1544 statum
561 1507 648 1551 gratiae,
667 1509 823 1551 cousequenter
841 1506 895 1544 illud

70 1590 112 1616 non
127 1579 239 1616 includere
253 1579 306 1616 «ius
321 1580 435 1616 amicabile
444 1592 465 1624 »;
481 1580 532 1616 hinc
548 1580 642 1623 theologi
656 1580 775 1623 generatim
791 1580 850 1616 illam
865 1579 895 1616 di-

71 1651 208 1688 stinctionem
224 1651 281 1688 inter
295 1652 396 1688 meritum
414 1652 439 1689 de
456 1662 551 1694 congruo
567 1652 641 1689 stricte
657 1655 678 1688 et
693 1653 735 1689 late
753 1652 834 1688 dictum
851 1662 894 1689 non

69 1722 155 1761 habent.
168 1722 194 1759 Et
206 1724 235 1760 ita
250 1710 386 1760 communius
400 1735 484 1768 quoque
500 1724 577 1761 docent
590 1724 673 1761 actibus
689 1723 854 1767 disponentibus
868 1724 895 1761 ad

70 1795 244 1833 iustificationem
260 1797 330 1833 inesse
346 1796 409 1832 etiarn
425 1797 530 1833 rationem
547 1797 618 1833 meriti
635 1797 661 1833 de
675 1806 777 1839 congruo.
792 1819 819 1823 --
833 1796 895 1832 Prae-

70 1869 127 1904 terea
139 1867 221 1904 Parnes
233 1867 267 1904 his
280 1868 363 1905 actibus
374 1868 462 1912 aliquod
474 1869 574 1905 meritum
587 1868 691 1905 tribuunt.
703 1868 722 1905 S.
735 1868 892 1904 Hrnnourmus:

71 1938 131 1982 «Qut
144 1942 233 1982 peccata
248 1940 378 1983 simpliciter
391 1940 526 1983 confitentur,
542 1943 651 1977 merentur
666 1940 788 1977 bumilitate
805 1941 896 1977 elemen-

71 2010 122 2047 tiam
136 2011 305 2049 Salvatortssn.
319 2035 347 2039 —
362 2012 381 2049 S.
397 2011 536 2049 Annnosrus:
555 2012 642 2049 <Flevit
658 2022 708 2055 ergo
725 2015 745 2049 et
761 2013 896 2050 amarissime

70 2082 151 2128 Petrus,
166 2084 232 2127 tlevit,
248 2087 271 2121 ut
287 2084 390 2128 lacrymis
406 2095 467 2121 suum
484 2089 557 2128 posset
573 2086 644 2122 lavare
661 2083 779 2122 delicium!
794 2088 815 2122 et
830 2087 859 2129 tu,
877 2085 896 2121 si

70 2155 155 2192 veniam
166 2156 199 2192 vis
211 2157 296 2200 mereri,
308 2156 365 2194 dilue
375 2157 478 2200 lacrymis
490 2158 575 2199 culpam
586 2160 643 2194 tuam
652 2160 696 2193 »Ψ
708 2156 728 2195 S.
739 2157 893 2194 Accusamus:

72 2227 183 2265 «Possunt
202 2229 289 2272 quidem
310 2228 382 2265 dicere
402 2229 552 2267 remissionem
573 2233 712 2272 peccatorum
733 2241 778 2267 esse
798 2230 895 2273 gratiam,

72 2358 214 2365 m

120 2441 137 2461 ³²2
152 2438 168 2470 S.
180 2438 214 2469 Th.
227 2439 242 2473 1,
254 2439 270 2476 2,
283 2448 300 2476 q.
313 2439 352 2470 tlt.

120 2501 137 2522 il
151 2499 172 2530 ln
189 2498 235 2530 diss,
251 2498 261 2531 3
277 2501 313 2531 art.
330 2498 339 2531 7
356 2499 441 2531 dixerat:
456 2511 468 2537 ‚n
477 2500 544 2532 Omnis
560 2501 623 2538 gratia
640 2504 684 2539 post
698 2503 782 2539 primam
800 2503 896 2535 actualem

73 2557 131 2589 datur
144 2559 250 2591 secundum
265 2560 358 2591 meritum
370 2563 460 2591 nostrum
475 2561 545 2592 saltem
560 2562 582 2592 dc
594 2569 703 2599 congruo».
718 2563 768 2595 Haec¹
782 2570 825 2601 crgo
839 2563 896 2596 intcl-

75 2616 151 2653 liganda
163 2622 228 2650 esseut
241 2619 300 2650 ctiam
314 2619 418 2652 demerito
432 2621 454 2651 de
467 2629 551 2658 congruo
564 2622 603 2653 late
616 2622 673 2654 dicto.

121 2682 137 2703 ³4
151 2679 201 2711 Dial.
216 2682 284 2712 contra
299 2679 421 2718 Pelagianos,
435 2680 468 2712 lib.
482 2681 498 2718 2,
514 2682 544 2719 11;
559 2681 592 2713 ML
606 2682 634 2719 23,
650 2682 689 2714 572.

121 2743 137 2762 ³5·
151 2739 221 2777 Expos.
234 2740 344 2784 inLucam,
355 2739 388 2772 lib.
401 2741 428 2778 10,
440 2740 471 2778 9tl;
484 2741 516 2773 bili
529 2741 619 2779 15‚1826.
