1952 3093
465 66 493 71 -
505 37 544 82 318
558 65 586 72 -

107 164 189 208 cipium
203 167 248 200 erat
260 166 319 200 actus
332 163 441 207 salutaris3
454 164 507 200 hinc
520 164 566 200 iure
580 163 660 200 dicitur
674 173 720 200 eam
733 163 756 199 in
769 163 871 206 ponendo
884 165 933 200 actu

108 236 197 273 salutari
215 235 326 272 hominem
345 235 486 273 adiuvissent.
504 235 634 280 inquantum
654 235 739 279 excitat,
758 235 826 279 gratia
844 234 934 272 actualis

108 311 179 345 actum
191 309 306 345 salutarem
321 308 430 345 antecedit
443 319 533 352 eumque
548 317 591 345 uon
607 307 706 350 includit,
721 307 787 345 immo
802 309 873 351 potest
887 308 933 344 sine

108 381 145 417 illo
159 391 214 426 esse;
227 380 355 424 inquantum
369 383 440 418 autem
454 383 513 417 actus
527 380 626 417 salutaris
641 390 666 416 ex
680 391 704 416 ea
717 379 742 416 de
756 380 813 416 tacto
827 379 933 423 procedit,

108 453 179 496 ipsum
193 452 281 496 quidem
297 455 368 489 actum
384 452 498 490 salutatem
514 456 623 496 tamquam
638 452 773 495 principium
789 452 835 488 eius
851 454 934 489 antece-

109 525 146 568 dit,
159 525 197 562 sed
208 525 340 568 positionem
353 524 399 562 eius
411 527 520 562 connotat.
531 524 634 561 Excitans
647 527 774 567 potestesse
787 527 833 561 sine
845 534 934 561 consen-

109 608 133 634 su
147 597 273 641 voluntatis3
289 597 394 634 adiuvans
410 608 459 634 eum
473 596 573 633 includit.

161 669 219 706 Haec
235 669 314 706 divisio
330 670 411 713 gratiae
427 669 541 706 adhibetur
557 669 579 704 in
596 669 690 706 concilio
706 669 832 712 tridentino,
847 679 894 713 cap.
909 670 931 705 5:

108 740 227 778 Exordium
240 740 401 778 iustificationis
412 741 541 778 sumendum
553 744 585 777 est
597 751 609 777 a
621 741 661 778 Dei
675 741 828 778 «vocatione...
840 743 883 778 ut...
896 751 935 784 per
963 774 965 777 ,

109 813 155 849 eius
168 813 298 849 excitantem
310 816 373 858 atque
387 813 525 850 adiuvantem
538 813 649 856 gratiam...
663 813 826 856 disponantur»
835 816 859 850 ⁵⁸.
874 813 935 850 Simi-

109 885 159 921 liter
171 895 218 927 cap.
232 885 253 921 fi:
270 897 280 919 «
289 885 439 928 Disponuntur
452 888 522 922 autem
536 885 564 922 ad
577 885 648 928 ipsam
662 885 767 922 iustitiam
782 885 833 922 dum
848 885 935 922 excitati

111 957 186 994 divina
201 957 270 1000 gratia
286 960 349 1001 atque
365 957 506 994 adiuti...»⁵?.
524 955 588 994 Conc.
605 957 734 1001 vaticanum,
751 968 802 994 sess.
819 957 830 994 3
846 967 893 1000 cap.
908 956 933 993 23:

111 1028 301 1072 «Benignissimus
315 1029 420 1066 Dominus
433 1032 453 1065 et
466 1032 562 1066 errantes
576 1029 644 1072 gratia
657 1039 694 1065 sua
708 1029 787 1066 excitat
800 1032 863 1073 atque
877 1029 936 1066 adiu-

111 1105 198 1139 vate-tt.
218 1101 237 1138 S.
256 1101 398 1145 Augustinus:
421 1100 501 1144 «Quod
521 1112 571 1138 vero
591 1101 619 1138 ad
637 1101 705 1138 Deum
725 1111 764 1138 nos
784 1101 937 1143 convertimus,

112 1172 154 1209 nisi
163 1173 211 1217 ipso
220 1173 329 1211 excitante
339 1176 402 1216 atque
413 1172 528 1209 adiuvante
539 1183 583 1209 non
593 1183 726 1216 possumus»
736 1176 760 1210 ⁵⁹.
771 1172 790 1210 S.
800 1173 934 1210 Bernartius:

111 1244 184 1282 Liberi
198 1245 283 1282 arbitrii
297 1246 366 1282 nostri
380 1247 489 1282 «conatus
502 1246 529 1282 ad
542 1245 624 1282 honum
637 1248 658 1282 et
671 1245 727 1282 cassi
737 1247 798 1298 sunt,
812 1246 831 1282 si
844 1256 855 1281 a
868 1245 936 1288 gratia

112 1327 155 1354 uon
170 1317 305 1360 adiuventur,
320 1320 340 1354 et
355 1317 415 1360 nulli,
431 1317 449 1353 si
465 1328 509 1353 non
526 1317 698 1354 excitentur»⁶⁰.
713 1316 795 1354 Eadem
810 1317 937 1354 indicantur

112 1389 134 1425 in
148 1400 163 1426 s.
177 1388 298 1432 Scriptura:
313 1390 373 1432 Apoc
385 1389 403 1432 3,
415 1388 449 1434 att
462 1390 489 1426 ct.
500 1388 547 1432 Eph
561 1390 579 1432 5,
593 1390 627 1434 143
636 1389 694 1427 Rom
706 1389 724 1433 8,
737 1388 769 1426 26.

167 1496 239 1534 Gratia
250 1508 343 1541 operans
355 1500 375 1534 et
387 1508 513 1541 cooperans.
526 1497 583 1534 Haec
596 1498 675 1535 divisio
687 1491 752 1535 facile
763 1498 855 1541 intelligi
867 1475 938 1540 potest

113 1573 133 1605 et
141 1581 152 1606 a
161 1569 234 1607 multis
244 1569 373 1612 intelligitur
381 1570 468 1606 realiter
477 1569 573 1606 identica
583 1580 632 1606 cum
642 1569 796 1613 praecedente:
809 1569 878 1613 gratia
888 1580 937 1613 ope-

113 1652 170 1685 rans,
183 1652 238 1686 quae
252 1642 274 1677 in
289 1640 352 1678 nohis
368 1642 413 1679 sine
429 1641 492 1678 nobis
507 1644 615 1687 operatur,
631 1652 685 1686 quae
699 1641 792 1679 liberum
808 1651 937 1679 consensum

113 1713 228 1757 antecedit,
242 1724 296 1757 quae
309 1713 420 1750 hominem
435 1713 462 1750 ad
475 1713 556 1750 bonum
570 1724 624 1758 opus
638 1714 727 1758 excitat;
743 1724 869 1758 cooperans,
883 1724 937 1758 quae

113 1789 242 1829 cooperatur
254 1786 277 1822 in
290 1786 432 1829 producendo
446 1789 494 1822 actu
506 1786 601 1830 salutari,
614 1797 668 1831 quae
680 1796 730 1830 ergo
742 1789 774 1824 est
787 1786 899 1824 adiuvans.

167 1858 186 1896 S.
205 1858 358 1895 Aurusrnrus:
381 1858 471 1901 «Ipsam
491 1858 601 1895 caritatem
621 1859 730 1902 apostolus
748 1858 823 1896 Petrus
841 1858 937 1896 nondum

113 1930 194 1973 habuit,
207 1930 294 1975 quando
309 1930 387 1967 timore
402 1930 518 1966 Dominum
533 1933 565 1967 ter
580 1930 671 1974 negavit.
685 1931 760 1968 Timor
774 1932 832 1967 enim
847 1941 891 1967 non
907 1933 938 1967 est

114 2004 135 2039 in
149 2004 244 2046 caritate,
256 2005 311 2040 sicut
322 2004 351 2040 ait
362 2003 453 2040 Ioannes
464 2003 595 2046 evangelista
607 2004 629 2039 in
641 2002 739 2047 Epistula
749 2014 796 2048 sua;
809 2003 847 2040 sed
856 2004 939 2047 perlec-

114 2079 134 2111 ta.
149 2076 228 2112 caritas
243 2075 301 2111 toras
317 2075 382 2111 mittit
396 2076 496 2111 timorem
504 2078 528 2111 ⁶1.
542 2074 568 2111 Et
583 2078 653 2112 tamen
669 2076 767 2119 quamvis
783 2086 850 2119 parva
866 2078 886 2113 et
900 2075 938 2111 im-

162 2223 179 2244 55
193 2219 241 2251 Cum
257 2221 311 2251 actus
325 2228 403 2258 quoque
418 2218 538 2250 deliberatus
552 2219 615 2257 possit
631 2229 672 2252 esse
687 2221 751 2258 gratia
766 2220 856 2259 actualis,
871 2220 938 2253 eodem

115 2280 173 2312 modo
188 2280 211 2311 de
225 2280 267 2318 ipso
281 2279 402 2317 loquendum
416 2281 444 2311 est
460 2279 521 2310 relate
536 2279 559 2311 ad
574 2281 639 2311 actum
653 2280 767 2317 salutarem,
781 2280 837 2313 cuius
853 2281 894 2318 ipse
909 2283 938 2312 est

115 2340 240 2378 principium*

163 2404 180 2426 ³⁵
193 2400 245 2433 Denz
260 2400 299 2433 797.

163 2464 184 2486 57·
193 2461 245 2493 Denz
259 2461 302 2499 798;
316 2461 340 2492 ct.
352 2471 394 2493 can.
408 2460 424 2499 t,
437 2460 490 2492 Denz
503 2460 543 2492 814.

163 2521 311 2554 58Denz1794.
373 2545 376 2551 r

163 2585 181 2606 ⁵⁵³
193 2582 221 2614 De
232 2583 357 2620 peccatorum
370 2582 447 2614 meritis
460 2584 479 2613 et
492 2581 608 2614 remissione
621 2582 637 2620 2,
651 2582 679 2621 18,
693 2582 724 2620 32;
739 2582 772 2614 ML
786 2582 814 2621 44,
828 2583 867 2615 169.

163 2646 181 2667 ⁶0
194 2642 222 2675 De
234 2642 298 2681 gratia
310 2645 329 2675 et
340 2642 403 2674 libero
416 2641 498 2674 arbitrio
512 2641 540 2680 13,
553 2642 584 2680 423
599 2642 632 2674 ML
645 2641 684 2681 182,
697 2642 748 2675 1024.

164 2706 181 2728 61
195 2703 204 2735 1
219 2702 240 2735 lo
255 2703 271 2742 l,
285 2702 312 2735 18.
368 2715 369 2719 ¹
