1952 3093
402 46 511 85 ,ὅμ-

47 170 92 204 tum
102 165 179 204 attinet
188 166 215 204 ad
225 166 377 205 liberationem
388 168 414 205 ab
426 168 527 206 omnibus
538 169 627 208 omnino
638 170 741 215 peccatis,
753 181 797 209 nou
809 182 875 217 quan-

47 244 92 277 tum
102 239 130 276 ad
138 239 290 277 liberationem
302 241 378 278 attinet
389 241 415 278 ab
426 241 526 279 omnibus
538 242 600 281 malis
613 246 633 281 et
644 243 670 281 ab
682 244 742 281 omni
754 244 875 288 corruptio-

47 323 73 349 ne
86 312 229 357 mortalitatis,
241 324 282 358 qua
296 323 354 351 nunc
367 325 446 358 corpus
458 318 559 359 aggravat
572 315 666 354 animam
675 329 685 353 »
694 321 718 356 14.
733 317 784 355 «Tu
797 320 874 361 autem,

47 385 83 429 qui
96 388 159 429 putas
172 386 236 430 quod,
249 386 267 423 si
280 388 360 424 malum
372 391 428 425 esset
440 388 625 439 concupiscentia,
638 394 721 427 careret
734 401 759 428 ea
772 391 810 435 qui
823 390 875 434 bap-

47 458 131 502 tizatur,
146 459 236 496 multum
250 470 316 497 erras,
333 460 397 498 Omni
412 463 501 505 peccato
517 464 582 505 earet,
596 472 640 499 non
657 463 716 500 omni
732 465 795 501 malo.
813 464 875 508 Quod

47 531 132 576 planius
144 532 174 569 ita
188 532 278 570 dicitur:
294 534 354 570 omni
366 536 426 571 reatu
439 534 536 571 omnium
550 535 656 572 malorum
670 539 734 580 caret,
748 547 792 574 non
806 537 875 574 omni·

46 605 86 643 bus
102 605 217 643 malis»1⁵.
233 605 252 643 S.
270 605 390 643 Guueonrus
406 606 509 645 blaesus:
529 607 589 650 «Qui
606 618 656 651 ergo
674 608 728 646 dicit
744 613 834 653 peccata
850 609 873 645 in

47 678 175 721 baptismate
186 679 283 716 funditus
293 690 337 716 uon
350 679 437 725 dimitti,
449 680 508 717 dicat
517 681 540 717 in
551 680 605 718 Mari
616 681 689 718 Rubro
700 681 817 726 Aegyptios
829 692 874 719 non

47 751 153 789 veraciter
170 754 272 790 mortuos
291 752 313 790 Si
329 755 400 789 autem
417 752 496 790 fatetur
513 752 630 797 Aegyptios
640 754 753 808 ¹veraciter
770 757 873 798 mortuos,

47 824 139 861 fateatur
153 834 241 862 necesse
256 827 288 862 est
301 828 391 868 peccata
405 825 428 862 in
442 825 572 869 baptismate
587 826 685 864 funditus
699 827 761 871 mori,
776 826 827 871 quia
842 827 874 864 ni-

47 897 126 934 mirum
141 897 189 942 plus
204 898 261 935 valet
275 898 298 934 in
314 897 448 936 absolutione
464 901 538 935 nostra
553 899 633 936 veritas
647 910 712 943 quam
726 899 803 937 umbra
819 899 873 937 veri-

47 970 146 1008 tatisoffi.

99 1042 243 1080 Homines
264 1046 473 1081 renovantur:
498 1043 572 1082 Errsr.
587 1044 711 1082 Rauranum:
731 1045 791 1083 «Ubi
807 1044 874 1089 igitur

47 1127 85 1154 nos
103 1116 216 1153 renovavit
233 1127 272 1160 per
289 1117 440 1154 remissionem
456 1119 595 1160 peccatorum
612 1116 691 1160 effecit,
708 1120 732 1154 ut
750 1117 814 1154 aliam
830 1117 873 1154 tor-

47 1199 103 1226 mam
117 1189 251 1234 haberemus,
267 1189 361 1226 animam
377 1199 454 1233 nempe
469 1200 586 1233 puerorum
601 1189 676 1234 instar,
692 1192 766 1234 utpote
782 1190 873 1234 quinos

47 1261 223 1300 1·eformavit»1⁷‚
238 1261 411 1299 «Aedificahitur
425 1265 495 1300 autem
507 1262 530 1298 in
544 1262 632 1300 nomine
646 1262 745 1299 Domini:
762 1262 872 1305 attendite,

46 1337 69 1371 ut
85 1335 189 1377 templum
204 1334 293 1371 Domini
308 1333 421 1378 magnifice
438 1334 569 1372 aedificetur.
588 1334 713 1379 Quomodo?
729 1334 818 1371 Discite.
834 1335 872 1371 Ac-

47 1410 109 1450 cepta
121 1406 250 1444 remissione
263 1409 402 1451 peccatorum
416 1409 436 1444 et
448 1417 486 1451 spe
499 1406 574 1444 habita
587 1407 610 1443 in
624 1417 703 1444 nomen
717 1406 805 1444 Domini
820 1406 871 1443 iacti

47 1490 119 1516 sumus
134 1479 192 1523 novi,
206 1479 285 1516 iterum
300 1479 326 1517 ab
341 1479 426 1524 integro
442 1478 517 1523 creati;
533 1478 583 1517 ideo
598 1479 621 1516 in
637 1478 707 1523 nobis,
721 1478 744 1515 in
760 1478 872 1516 domicilio

47 1555 127 1596 nostro,
150 1562 199 1589 vere
222 1552 279 1589 Deus
300 1551 384 1589 habitat
392 1565 402 1588 »
411 1555 436 1588 ¹⁸.
458 1550 478 1590 S.
502 1550 610 1590 Cumanus
635 1551 870 1589 Hmuosoirmimuus:

47 1624 125 1669 «Aqua
138 1625 232 1662 exterius
246 1623 436 1668 circumfunditur,
451 1623 544 1668 Spiritus
559 1628 578 1662 et
590 1624 681 1661 interius
696 1623 791 1661 animam
805 1622 873 1660 abluit

45 1695 124 1742 absque
137 1696 229 1734 defectu.
241 1696 268 1734 Et
280 1695 446 1742 quidmiraris?
459 1696 522 1734 Sume
536 1696 658 1740 exemplum
671 1706 806 1739 corporeum,
820 1706 869 1739 par-

46 1780 96 1806 vum
113 1769 201 1814 quidem
219 1774 239 1807 et
256 1768 344 1814 humile,
362 1770 415 1807 utile
434 1772 504 1807 autem
522 1768 699 1813 simplicioribus.
717 1768 739 1806 Si
757 1768 815 1812 ignis
833 1778 872 1811 per

47 1842 213 1879 crassitudinem
226 1842 279 1880 ferri
291 1842 399 1879 transiens
410 1842 468 1879 intus
481 1844 562 1878 tautam
575 1852 620 1879 rem
633 1840 698 1879 efficit
710 1840 788 1884 ignem,
802 1843 823 1877 et
835 1839 872 1877 iri-

46 1913 120 1956 gidum
133 1914 157 1950 fit
172 1914 287 1958 fervidum,
303 1918 323 1951 et
337 1914 423 1958 nigrum
438 1915 557 1959 collucens;
574 1914 592 1949 si
608 1913 671 1957 ignis,
687 1913 724 1957 qui
740 1923 818 1955 corpus
834 1915 871 1955 est,

47 1985 68 2022 in
85 1997 164 2030 corpus
180 1986 233 2023 ferri
248 1989 363 2030 penetrans
379 1986 410 2023 sic
426 1987 506 2030 absque
522 1985 678 2029 impedimento
694 1987 803 2028 operatur,
819 1983 872 2028 quid

45 2057 137 2103 miraris,
156 2059 174 2095 si
193 2058 286 2102 Spiritus
306 2058 396 2096 Sanctus
413 2059 436 2094 in
455 2058 532 2095 intima
551 2058 623 2095 anima
642 2057 777 2101 ingreditur?
786 2069 796 2092 »
806 2060 830 2094 1⁹.
848 2056 868 2093 S.

46 2129 138 2168 lomnes
154 2130 341 2169 Cuursosromus:
359 2131 564 2176 «Quemadmodum
579 2131 597 2166 si
610 2130 658 2174 quis
672 2140 759 2167 auream
774 2131 871 2171 statuam,

46 2204 148 2247 tempore,
164 2204 229 2247 fumo,
243 2204 338 2247 pulvere,
353 2203 452 2247 rubigine
468 2203 576 2240 foedatam
592 2203 662 2239 denuo
677 2187 810 2244 conflaverit,
825 2211 871 2237 eam

47 2275 109 2312 nobis
128 2275 267 2319 purissimam
287 2278 350 2320 atque
370 2276 487 2318 fulgentem
506 2274 605 2318 restituit,
625 2274 656 2311 sie
677 2278 697 2311 et
717 2276 816 2311 naturam
835 2283 889 2327 no-v

46 2365 188 2374 -·——--—-

92 2418 110 2439 14
123 2414 196 2448 contra
209 2399 316 2453 nulnum,
328 2414 344 2454 a,
357 2413 385 2453 13,
399 2413 430 2453 4ο;
445 2414 479 2447 nn
492 2413 520 2454 44,
534 2413 577 2453 sla
593 2414 609 2447 n
623 2414 674 2448 1910.

92 2477 110 2500 1⁵
124 2473 178 2514 Ibld,
191 2474 207 2514 6,
220 2474 248 2514 19,
262 2474 293 2514 66;
307 2474 341 2508 ML
354 2474 383 2513 44,
396 2474 440 2513 856;
455 2474 472 2508 R
484 2474 536 2508 1911.

93 2538 111 2560 1⁶
124 2535 216 2575 Epistula
229 2534 261 2574 45;
276 2535 311 2568 ML
326 2534 353 2574 77,
368 2535 424 2574 1162,·
440 2535 456 2568 R
471 2534 523 2568 2298.

92 2599 111 2621 1⁷
125 2595 141 2636 6,
154 2595 186 2635 11;
199 2595 217 2630 R
229 2594 257 2629 32.
564 2595 566 2599 ”

92 2660 110 2683 1⁸
123 2658 152 2698 16,
164 2657 184 2698 8;
198 2657 216 2692 R
228 2656 257 2692 36.

93 2721 111 2743 1⁹
125 2717 201 2752 Catech.
213 2718 241 2758 17,
254 2728 295 2757 cap.
308 2718 339 2757 14;
352 2718 386 2752 MG
400 2718 428 2759 33,
440 2719 483 2759 895;
497 2720 512 2752 R
525 2720 565 2753 835.
