1952 3093
456 46 527 98 -a'u
540 79 561 86 -

91 181 153 219 iustis
164 192 176 218 a
187 181 232 218 Deo
243 180 325 218 causati
338 180 427 218 dicendi
439 182 483 218 sint
494 181 575 217 donum
585 181 625 217 Dei
637 180 737 224 speciale.
750 180 808 217 Haec
820 180 918 223 operatio

91 253 130 290 Dei
143 252 166 289 in
180 252 252 289 anima
265 252 317 289 iusti
329 255 388 289 certo
401 255 432 289 est
444 253 618 296 correspondens
633 251 697 289 statui
711 252 871 295 supernaturali
886 253 917 295 ip-

91 325 135 362 sius
152 324 254 368 hominis,
271 327 291 362 et
306 327 394 361 eatenus
412 324 444 361 illi
462 327 521 361 actus
539 327 588 361 sunt
605 324 656 361 huie
673 325 737 361 statui
754 323 916 368 connaturales3

93 397 144 434 inde
160 400 231 434 tamen
247 407 290 434 non
307 397 410 441 sequitur,
427 399 450 433 ut
466 397 509 433 sint
525 396 608 440 aliquid
625 396 728 434 naturale.
745 396 767 434 Si
784 397 832 440 quis
848 398 918 433 autem

93 469 174 506 donum
189 468 283 512 speciale
297 469 352 506 illud
369 469 437 505 solum
454 471 523 513 vocat,
538 468 597 512 quod
615 469 671 506 dona
686 468 836 506 connaturalia
854 468 918 505 statui

93 540 184 585 excedit,
200 541 272 578 dicere
288 540 351 578 debet
365 540 429 577 talem
443 541 549 577 rationem
565 540 617 577 doni
632 541 733 584 specialis
747 541 770 577 in
785 540 819 577 his
835 539 919 577 actibus

93 623 136 650 non
149 612 254 657 inveniri3
269 613 308 650 sed
320 612 399 650 iterum
411 612 463 649 inde
477 623 521 649 non
534 612 636 656 sequitur,
650 616 673 649 ut
687 613 709 649 in
722 613 749 648 iis
764 623 807 649 non
821 613 918 649 invenia-

92 691 126 722 tur
139 686 193 723 ratio
207 687 288 730 gratiae
302 685 392 723 actualis
405 685 582 729 supernaturalis.

145 757 220 795 Posset
236 758 308 795 adhuc
324 758 407 795 moveri
424 758 521 801 quaestio
538 768 577 794 cur
594 758 691 800 operatio
708 758 748 794 Dei
764 759 787 794 in
804 758 919 794 causandls

92 830 135 866 illis
149 829 232 866 actibus
247 829 398 866 indeliberatis
413 829 441 867 sit
454 829 583 872 necessaria,
598 832 670 865 utrum
685 829 713 865 ad
727 829 866 866 excitandum
881 830 920 866 ha-

93 901 162 939 bitum
176 901 210 941 vel
223 901 250 938 ob
265 901 329 938 aliam
343 901 456 938 rationem.
470 901 486 937 A
500 901 606 938 solutione
620 901 685 937 huius
699 901 832 945 quaestionis
846 902 917 944 ipsum

93 976 173 1011 lactum
188 984 232 1011 nou
250 974 367 1019 dependet3
385 973 426 1010 hoe
442 976 514 1010 manet
530 973 595 1010 etiam
611 974 628 1010 si
646 984 684 1009 nos
702 983 744 1009 non
763 974 870 1016 possimus
888 974 919 1008 in-

94 1045 166 1082 dicare
181 1046 293 1087 rationem,
306 1055 346 1082 cur
358 1045 415 1082 Deus
430 1056 475 1082 rem
488 1045 517 1082 ila
531 1044 630 1082 voluerit.

357 1276 380 1309 lle
398 1277 481 1310 divisione
498 1278 563 1318 gratiae
576 1278 654 1310 actualis.

144 1400 175 1437 De
188 1400 296 1437 divisione
308 1401 330 1436 in
344 1401 436 1443 gratiam
448 1401 567 1437 elevantem
581 1403 601 1437 et
615 1404 727 1437 sanantem
740 1411 804 1443 saepe
816 1401 861 1436 iam
875 1411 917 1437 ser-

94 1482 128 1508 mo
137 1474 191 1517 erat;
201 1482 259 1508 nunc
269 1475 339 1508 autem
349 1472 419 1514 agitur
428 1473 455 1508 de
464 1472 578 1516 divisione,
588 1483 641 1515 quae
652 1482 700 1508 cum
710 1472 738 1507 iis
748 1472 855 1515 cohaeret,
864 1482 918 1514 quae

94 1544 117 1578 in
130 1532 171 1580 hac
186 1547 246 1586 parte
261 1544 287 1580 de
302 1547 378 1580 natura
392 1544 473 1586 gratiae
488 1544 577 1580 actualis
593 1543 651 1580 dicta
666 1548 721 1580 sunt.

147 1687 219 1725 Gratia
236 1687 333 1724 excitans
352 1688 449 1728 (uocans)
467 1691 486 1723 et
504 1686 620 1724 adiuvans:
640 1688 696 1724 Deus
714 1688 736 1723 in
753 1688 864 1723 intellectu
881 1688 918 1724 hu-

93 1769 156 1796 mano
167 1759 353 1802 supernaturalem
365 1759 517 1802 cognitionem,
530 1760 553 1794 in
567 1759 675 1797 voluntate
689 1760 874 1802 supernaturalem
887 1760 919 1795 in-

94 1831 234 1868 clinationem
248 1831 271 1866 in
286 1831 375 1874 aliquod
388 1830 469 1867 bonum
485 1834 597 1873 operatur:
615 1833 675 1868 actus
689 1831 835 1874 indeliberati,
850 1831 918 1874 gratia

94 1902 184 1939 actualis
192 1906 216 1940 ⁵².
231 1902 266 1940 Sic
280 1902 345 1940 homo
359 1913 371 1939 a
383 1902 428 1939 Deo
442 1903 469 1939 ad
484 1906 555 1939 actum
570 1903 684 1939 salutarem
700 1903 825 1945 ponendum
840 1903 919 1940 excita-

93 1978 133 2018 tur,
147 1976 243 2012 vocatur.
258 1975 409 2018 Supponamus
425 1974 535 2011 hominem
551 1975 580 2011 ita
597 1975 713 2011 excitatum
730 1975 756 2011 de
771 1975 828 2012 tacto
843 1986 917 2018 proce-

95 2046 144 2083 dere
159 2046 272 2084 adactum
288 2047 409 2083 salutarem.
424 2035 560 2089 Principium
576 2050 671 2083 creatum
687 2047 751 2084 huius
767 2050 826 2084 actus
843 2050 874 2084 est
889 2048 919 2084 fa—

94 2120 162 2155 cultas
173 2119 242 2162 gratia
256 2119 335 2156 actuali
347 2119 526 2163 elevata⁵³,.quae
539 2122 646 2162 operatur,
660 2124 683 2156 ut
696 2122 760 2163 patet,
772 2119 817 2156 Deo
829 2130 919 2156 concur-

94 2194 153 2227 rente
166 2190 284 2228 secundum
296 2193 395 2227 naturam
406 2190 512 2234 principii
525 2191 607 2234 agentis
616 2195 639 2228 ⁵⁴.
650 2190 682 2227 lta
692 2191 761 2234 gratia
773 2191 864 2228 actualis
875 2192 919 2234 pri-

94 2249 253 2300 mo'hominem
266 2263 295 2299 ad.
306 2263 387 2300 honum
401 2273 456 2305 opus
469 2263 578 2304 excitavit,
592 2267 612 2299 et
625 2266 737 2306 praeterea
750 2264 776 2300 de
788 2263 846 2300 tacto
860 2264 918 2306 prin-

142 2411 159 2433 52
174 2407 356 2446 Supernaturalitas
372 2407 453 2439 illorum
468 2410 548 2440 actuum
565 2407 675 2446 explicatur
689 2412 712 2440 ut
726 2418 786 2448 supra
802 2409 877 2442 dictum
892 2412 920 2441 est

75 2481 77 2483 ·
96 2472 129 2501 aut
143 2479 167 2501 ex
180 2468 257 2509 habitu,
272 2472 306 2501 aut
319 2469 336 2501 si
350 2468 385 2500 ille
398 2478 439 2501 non
453 2468 514 2507 adest,
528 2469 559 2501 vel
572 2479 607 2508 per
619 2468 750 2502 elevationem
762 2470 862 2502 internam
877 2469 921 2506 (ens

93 2529 163 2567 fluens)
177 2530 209 2562 vel
222 2539 257 2569 per
269 2529 400 2562 elevationem
414 2527 521 2562 externam.

141 2593 159 2615 ⁵³
172 2590 323 2623 Consideremus
334 2598 402 2622 casum
412 2590 433 2621 in
445 2599 484 2629 quo
495 2590 555 2622 homo
565 2591 655 2623 nondum
665 2591 726 2624 habet
736 2592 820 2624 virtutes
830 2592 917 2629 infusas:

96 2651 201 2688 applicatio
217 2651 241 2683 ad
255 2651 357 2682 hominem
372 2649 474 2682 habitibus
491 2650 616 2689 instructum,
632 2653 661 2683 est
676 2651 761 2684 facilis*
800 2682 801 2685 ,
845 2694 846 2697 ¹

142 2714 159 2735 ⁵4
173 2711 207 2743 Hic
223 2713 288 2743 autem
303 2720 408 2743 concursus
425 2710 503 2742 divinus
518 2720 556 2742 nou
573 2713 602 2743 est
617 2712 680 2749 gratia
696 2713 785 2745 actualis.
815 2731 817 2733 -
