1952 3093
402 42 523 81 -185-

51 159 131 209 meirale
144 165 228 202 ordinis
239 165 354 209 naturalis;
367 164 418 209 quia
431 176 457 201 ne
470 165 498 201 sit
509 165 557 200 vitii
569 164 635 208 labes,
648 164 726 200 sufficit
737 164 882 200 uniformitas

52 240 92 284 legi
107 238 234 275 naturaliter
246 237 310 275 nohis
324 237 413 274 inditae.

104 310 161 347 Haec
179 313 250 346 tamen
269 320 317 346 cum
336 309 467 352 speculative
485 320 536 345 vera
553 308 602 351 sint,
621 309 790 352 praemissisque
808 307 876 351 nugu-

53 382 158 423 stinianae
176 382 287 418 doctrinae
305 381 496 425 praeceptionibus
515 381 631 424 perspicua
650 381 712 417 satis:
732 381 829 424 practice
847 381 877 416 lo-

52 454 136 501 quendo
149 453 231 490 affirmo
242 464 351 497 nunqnam
363 454 474 490 hominem
485 454 570 495 lapsum
583 462 644 496 agere
656 453 802 490 convertendo
815 463 836 489 se
850 452 877 489 ad

52 529 110 565 illam
124 526 223 562 intimam
235 526 303 569 legem
318 526 397 569 absque
412 525 530 568 cupiditate
545 529 565 561 et
577 525 690 569 philautia,
704 525 797 568 ideoque
810 524 877 568 quod-

28 627 30 631 .
52 600 104 637 libet
118 608 172 641 opus
186 598 266 635 bonum
280 597 327 634 fieri
341 609 366 634 ex
382 598 471 640 speciali
487 598 575 640 gratia..
589 597 657 640 Igitur
670 600 693 633 ut
708 597 731 632 in
746 597 809 639 praxi
823 607 877 640 opus

53 670 140 714 aliquod
153 671 267 707 honestum
283 669 316 713 sit,
332 680 376 706 non
391 670 453 706 debet
468 681 479 706 a
494 680 583 712 summa,
599 672 619 705 et
632 669 709 705 intima
723 669 770 712 lege
786 668 886 705 deflecti.

52 730 78 780 At
88 742 153 778 homo
163 742 237 784 lapsus
249 741 316 784 magis
328 752 349 778 se
362 742 454 778 delectat
466 742 544 784 seipso,
555 752 619 785 quam
632 751 714 777 summo
727 741 791 783 bono,
804 741 877 777 sinon

53 816 72 852 ei
89 816 163 850 sancta
181 814 294 850 delectatio
312 814 441 857 inspiretur;
460 814 562 857 quoniam
581 813 627 850 sine
643 813 708 849 huius
727 812 877 850 delectationis

54 887 110 923 dono
126 887 236 928 praevalet
252 885 332 922 rationi
348 885 537 928 concupiscentia:
557 886 618 922 cuius
637 885 752 921 desideriis
769 894 814 921 non
829 884 878 922 obe-

55 959 120 995 dire...
134 957 213 1001 absque
227 958 296 1000 gratia
309 957 426 995 Salvatoris
438 968 481 994 non
495 968 616 1000 possumus.
629 957 697 1000 Igitur
709 957 823 993 inhaerere
836 956 878 999 legi

53 1031 143 1066 honesta
154 1029 298 1072 praecipienti
311 1030 343 1066 ita
354 1033 376 1066 ut
388 1040 460 1066 amore
473 1030 507 1066 sui
520 1029 604 1066 animus
617 1040 661 1066 non
673 1031 784 1073 tumescat,
797 1029 878 1072 gratiae

52 1101 180 1139 beneficium
192 1104 229 1144 est,
241 1112 279 1143 per
292 1112 356 1144 quam
368 1103 438 1138 motus
449 1101 639 1144 concupiscentiae
652 1101 785 1144 reprimitur.
797 1100 878 1137 Eodem

53 1175 117 1217 pacto
131 1173 157 1210 de
168 1173 226 1216 turpi
240 1173 382 1211 delectatione
396 1173 489 1210 excitata
501 1184 512 1209 a
525 1173 653 1210 multiformi
667 1173 819 1215 temporalium
833 1183 879 1215 spe-

54 1245 136 1281 cierum
148 1245 242 1287 imagine
255 1248 286 1281 est
299 1244 456 1282 disserendum.
468 1245 573 1282 Habitans
586 1245 644 1282 enim
655 1246 690 1281 lex
703 1244 726 1280 in
739 1255 831 1288 corpore
842 1255 879 1281 no-

54 1320 97 1353 stro
114 1316 206 1360 mortali,
224 1320 244 1353 et
259 1317 369 1354 mutabilis
386 1317 479 1353 varietas
496 1317 610 1354 hominem·
623 1318 708 1360 lapsum
724 1327 763 1360 per
780 1317 879 1353 carnales

54 1399 128 1425 sensus
145 1388 291 1431 diverberans,
307 1388 349 1425 nisi
363 1392 475 1425 succurrat
490 1389 558 1432 gratia
573 1388 717 1431 medicinalis,
732 1388 790 1431 rapit
804 1389 883 1425 volun-v

55 1463 119 1496 tatem
136 1471 160 1497 ac
179 1459 287 1504 deprimit.
305 1459 343 1497 Est
358 1470 408 1503 ergo
425 1461 494 1497 virtus
512 1461 579 1497 animi
596 1460 683 1497 habitus
701 1465 790 1497 naturae
808 1460 879 1502 modo,

55 1535 117 1575 atque
131 1532 211 1568 rationi
225 1536 389 1569 consentaneus.
403 1532 465 1569 Ratio
481 1543 526 1569 non
540 1535 572 1569 est
584 1543 623 1575 per
638 1535 751 1575 peccatum
766 1532 879 1574 exstincta,
916 1553 918 1555 ·

54 1608 74 1640 et
84 1604 183 1641 voluntas
192 1604 256 1640 etiam
267 1604 321 1640 velle
332 1607 352 1641 et
361 1614 423 1647 agere.
433 1608 509 1647 potest,
520 1615 575 1648 quae
586 1604 613 1640 ad
622 1607 758 1648 praesentem
769 1604 880 1647 pertinent

35 1693 37 1696 v
55 1675 127 1712 vitam.
139 1675 293 1712 Verumtamen·
304 1676 362 1720 quod
374 1676 407 1712 vis
421 1675 536 1713 affectuum
550 1676 602 1713 insit
614 1676 741 1713 naturaliter
754 1675 880 1713 rationabili

55 1747 134 1791 animo,
147 1751 168 1785 et
177 1757 218 1790 pro
230 1747 313 1784 iudicio
325 1748 449 1790 voluntatis,
462 1748 523 1785 cuius
535 1748 597 1784 nutui
609 1748 713 1791 serviunt,
726 1751 761 1784 aut
774 1748 801 1784 ad
814 1751 880 1785 aeter-

55 1829 89 1861 na,
107 1822 143 1855 aut
160 1819 187 1855 ad
203 1819 331 1861 temporalia
349 1819 477 1862 dirigantur,
495 1823 526 1856 est
543 1821 649 1856 sententia
667 1820 752 1862 Iuliani,
770 1830 833 1863 quem
850 1820 880 1856 ita

56 1890 75 1926 S.
89 1889 153 1926 Pater
167 1891 293 1934 alloquitur:
310 1891 367 1927 Haec
382 1891 419 1927 ubi
435 1891 546 1934 didiceris,
561 1892 642 1928 nescio.
657 1891 793 1935 speculative
808 1891 880 1935 itaque

55 1965 163 2004 postrema
183 1963 289 1999 sententia
307 1963 427 2006 probabilis
447 1967 484 2006 est,
504 1964 600 2006 practice
620 1963 733 2000 verissima
752 1967 783 2000 est
803 1964 879 2007 altera;

55 2044 184 2077 quamquam
200 2045 239 2071 nec
256 2035 297 2072 ista
313 2034 399 2071 videtur
414 2038 473 2072 tanto
490 2035 561 2078 rigore
578 2035 678 2078 tenenda,
693 2038 716 2071 ut
733 2035 835 2072 vitiosum
853 2035 881 2071 sit

56 2116 117 2149 opus,
128 2106 187 2149 quod
198 2116 241 2143 non
254 2106 347 2143 retertur
358 2106 460 2149 explicite
472 2107 495 2142 in
505 2106 580 2144 Deum.
593 2106 650 2149 Quae
662 2108 680 2142 si
692 2107 764 2143 minus
775 2108 881 2150 placeant,

57 2178 155 2214 consulto
171 2178 287 2220 praeposui
300 2181 325 2215 *et
340 2179 444 2215 exornavi
457 2178 576 2215 Doctorum
592 2178 652 2221 scita,
669 2182 692 2215 ut
707 2179 762 2215 illud
776 2179 817 2215 hac
835 2189 882 2215 mea

56 2249 206 2286 lucubratione
223 2250 293 2286 facem
309 2250 445 2293 praeferente
462 2251 549 2294 tuearis,
566 2250 624 2294 quod
640 2250 720 2287 rationi
737 2251 805 2294 magis
823 2251 883 2287 vide·

56 2320 116 2357 bitur
130 2324 297 2358 consentaneum
306 2333 324 2358 ».
350 2337 352 2340 ·

107 2381 243 2436 vazquez
272 2394 295 2428 in
312 2394 330 2436 1,
345 2393 363 2435 2,
380 2393 527 2436 disputatione
543 2394 580 2431 189
598 2394 696 2431 defendit
711 2394 822 2431 hominem
838 2405 882 2431 non

57 2474 120 2506 posse
132 2464 220 2501 vincere
234 2465 374 2502 tentationem
387 2465 433 2502 sine
447 2466 528 2502 auxilio
541 2466 629 2509 gratiae,
642 2469 662 2502 et
677 2466 732 2509 disp.
747 2466 784 2504 190
799 2467 826 2503 ad
840 2467 883 2503 sin-

56 2536 105 2578 gula
122 2547 188 2578 opera
205 2537 262 2573 bona
279 2537 367 2573 moralis
385 2537 472 2574 virtutis
490 2537 610 2581 adquisitae
627 2549 667 2574 nos
683 2538 783 2581 indigere
801 2539 882 2575 auxilio

57 2608 138 2650 gratiae
153 2619 192 2651 per
208 2608 323 2645 Christum⁴
338 2609 370 2645 Ita
384 2610 512 2657 sententiam
529 2610 618 2651 exponit
626 2614 663 2646 14⁰:
682 2610 760 2647 Nostra
776 2610 882 2647 sententia

106 2708 133 2729 140
146 2704 200 2742 Disp.
212 2704 245 2736 190
259 2714 300 2742 cap.
313 2704 341 2743 12,
353 2701 382 2736 nr.
395 2705 434 2737 117.
