1952 3093
445 93 473 100 -
486 69 526 109 aaa
539 93 567 99 -
636 83 639 89 ·
687 99 690 109 ,

87 197 191 237 catorum,
203 193 242 232 sed
254 194 331 231 «Deus
341 193 483 231 absconditus
495 193 518 230 in
530 193 642 250 maiestate
653 203 722 238 neque
735 193 835 236 deplorat
846 201 916 236 neque

88 266 144 305 tollit
157 269 255 309 mortem,
270 266 308 303 sed
323 268 426 309 operatur
440 264 513 309 vitam,
528 267 620 303 mortem
634 268 654 303 et
668 264 743 302 omnia
757 264 780 301 in
794 263 916 302 omnibus...

88 348 131 376 non
144 338 189 375 vult
201 341 293 375 mortem
305 332 434 382 peccatoris,
447 337 514 385 verbo
525 336 615 381 scilicet,
627 338 673 374 vult
685 339 756 374 autern
768 336 828 373 illam
842 336 917 372 volun-

88 413 130 448 tate
143 410 181 446 illa
195 409 424 453 imperscrutabilis2.
460 447 462 452 ,
500 443 503 447 ,
700 411 701 414 ’

129 481 192 519 ,Εἰυε
204 482 311 519 sententia
324 473 440 539 reprobata
452 484 484 518 est
497 492 508 518 a
521 481 592 519 Leone
604 481 643 526 lit,
654 483 676 518 et
688 480 807 518 concilium
818 479 917 517 tridenti·

89 561 140 592 num
158 554 260 598 explicite
277 553 352 591 statuit
368 540 480 592 hominem
497 553 561 591 etiarn
579 557 629 598 post
643 556 757 598 peceatum
774 552 880 597 originale
898 554 918 589 et

89 627 127 665 sub
142 627 238 665 motione
254 626 335 671 gratiae
352 637 398 664 esse
413 625 517 664 liberum:
536 637 583 670 cap·
600 626 623 663 1:
639 626 681 663 Per
695 628 808 670 peccatum
823 625 917 672 liberum

89 699 204 737 arbitrium
221 699 244 736 in
261 699 388 736 hominibus
406 698 496 736 minime
514 699 645 737 exstinctum
663 702 700 742 est,
718 699 770 736 licet
787 698 871 735 viribus
890 696 918 734 sit

79 774 221 809 'attenuatum
240 775 261 809 et
277 771 429 808 inclinatum.
449 770 500 815 Cap.
519 772 541 808 5:
563 771 588 808 ln
607 771 752 815 dispositione
768 771 798 808 ad
816 770 917 807 iustifica-

89 844 170 881 tionem
184 843 252 881 adulti
265 843 347 886 gratiae
361 843 430 881 libere
445 843 594 881 assentiuntur
607 845 627 879 et
643 846 810 887 cooperantura
826 842 878 880 Gan.
892 842 915 878 lc

90 914 131 953 «Si
144 914 194 960 quis
208 914 288 952 dixerit
300 914 394 952 liberum
407 914 505 952 bominis
518 915 633 952 arbitrium
648 926 659 951 a
672 914 718 952 Deo
732 917 814 951 motum
827 918 847 951 et
861 916 918 951 exci-

90 990 156 1024 tatum
169 986 224 1023 nihil
239 987 353 1030 cooperari
366 987 505 1024 assentiendo
518 986 563 1024 Deo
576 986 680 1024 excitanti
693 989 756 1031 atque
768 986 862 1028 vocanti,
875 996 918 1030 quo

90 1058 118 1095 ad
137 1057 280 1096 obtinendum
298 1058 459 1096 iustificationis
478 1058 569 1102 gratiam
589 1070 612 1097 se
631 1058 734 1101 disponat
751 1068 777 1094 ac
796 1060 918 1101 praeparet,

90 1118 159 1175 neque
173 1141 238 1174 posse
254 1130 370 1168 dissentire
386 1131 405 1168 si
420 1130 479 1174 velit,
495 1130 534 1168 sed
549 1130 608 1168 velut
623 1130 720 1168 inanime
735 1130 846 1187 quoddam
863 1129 918 1166 nihil

90 1203 180 1241 omnino
193 1213 256 1247 agere
267 1214 368 1248 moreque
379 1203 466 1247 passive
477 1214 501 1241 se
512 1204 603 1242 habere:
617 1202 642 1241 A.
655 1202 676 1241 S.
684 1216 702 1240 ».
715 1202 767 1241 Can.
780 1203 802 1241 5:
817 1202 859 1241 «Si
870 1202 926 1247 quis·

91 1275 183 1313 liberum
195 1275 291 1313 hominis
304 1276 419 1313 arbitrium
430 1279 480 1320 post
492 1276 551 1313 Adae
563 1279 677 1320 peccatum
690 1276 793 1313 amissum
807 1278 827 1312 et
840 1275 919 1312 exstin-

91 1351 149 1385 ctum
164 1355 211 1385 esse
227 1336 316 1393 dixerit
328 1339 365 1385 aut
379 1359 425 1386 rem
439 1359 485 1386 esse
500 1348 586 1385 desolo
602 1348 671 1392 titulo,
686 1349 753 1385 immo
769 1348 855 1385 titulum
872 1348 919 1384 sine

91 1430 124 1463 re‚‘
135 1419 260 1464 figmentum
275 1420 369 1465 denique
384 1433 396 1457 a
410 1424 485 1457 satana
500 1421 611 1458 invectum
626 1420 649 1457 in
665 1419 798 1457 Ecclesiam:
814 1421 839 1457 A.
856 1420 875 1457 S.
885 1423 919 1455 at.

144 1491 310 1528 lansenius
342 1492 417 1530 docuit
431 1492 501 1529 adam
516 1495 567 1529 ante
583 1495 697 1536 peccatum
713 1491 816 1529 habuisse
832 1492 919 1529 liberta-

93 1566 135 1600 tem
152 1563 315 1601 indifferentiae
323 1566 338 1606 ⁷,
352 1563 423 1601 libero
439 1575 477 1601 suo
493 1563 585 1601 arbitrio
601 1564 678 1607 potuit,
696 1564 715 1600 si
731 1563 806 1608 voluit,
824 1544 880 1601 stare
898 1563 920 1599 in

93 1633 185 1678 iustitia;
204 1634 242 1671 sed
260 1634 287 1671 ad
303 1635 346 1672 hoc
363 1635 476 1679 indigebat
491 1636 566 1679 gratia,
584 1646 634 1672 cum
649 1635 744 1672 liberum.
761 1635 876 1673 arbitrium
894 1635 920 1672 ad

93 1705 174 1743 bouum
189 1705 245 1743 nibil
260 1709 331 1750 potest
346 1706 393 1744 sine
408 1706 517 1744 adiutorio
532 1707 688 1751 omnipotentis
704 1707 763 1744 boni.
779 1707 837 1744 Haec
852 1707 921 1750 gratia

94 1780 139 1816 erat
157 1778 240 1816 actuale
257 1778 317 1823 quid,
335 1778 378 1823 ipsi
395 1778 477 1817 actioni
493 1779 644 1823 praeveniens.
660 1779 780 1823 Distinguit
796 1764 921 1817 lausensius

95 1850 271 1889 adiuturum
304 1862 360 1896 quo
391 1855 412 1888 et
444 1852 635 1889 adiutorium
667 1853 732 1889 sine
765 1863 819 1897 quo
853 1860 922 1890 non.

94 1922 232 1961 Adiutorium
249 1906 291 1968 qud
308 1923 363 1961 illud
381 1927 419 1966 est,
437 1935 479 1968 quo
498 1925 546 1968 ipse
563 1923 654 1962 effectus
670 1924 771 1968 habetur;
789 1924 921 1961 adiutorium

95 1995 141 2032 sine
156 2006 199 2039 quo
214 2006 259 2032 non
275 1995 336 2040 illud,
353 1996 400 2033 sine
416 2007 459 2040 quo
474 1996 552 2033 baberi
569 1997 659 2034 effectus
675 2007 718 2034 non
736 1999 816 2041 potest;
832 2008 852 2034 e.
868 2006 887 2041 g.
903 1997 921 2033 si

94 2066 143 2111 quis
155 2067 221 2105 habet
231 2068 306 2111 pedes,
320 2068 417 2105 nondum
431 2069 535 2106 continuo
548 2069 640 2106 habetur
652 2063 776 2112 ambulatio,
788 2079 841 2112 ergo
855 2069 922 2112 pedes

95 2148 138 2175 non
151 2142 201 2176 sunt
213 2139 346 2177 adiutorium
357 2151 399 2184 quo
412 2140 576 2184 ambulationis;
588 2131 627 2177 sed
640 2141 686 2178 sine
699 2141 792 2194 pedibus
805 2141 922 2177 ambulatio

95 2210 141 2247 lieri
155 2211 236 2255 nequit,
252 2220 302 2254 ergo
317 2214 366 2248 sunt
381 2211 513 2248 adiutorium
529 2213 576 2249 sine
591 2223 633 2256 quo
648 2223 691 2249 non
707 2212 867 2249 ambulationis
882 2212 923 2248 Au-

95 2281 178 2325 xilium,
190 2283 249 2327 quod
258 2282 327 2319 Adam
338 2286 387 2319 ante
399 2286 512 2326 peccatum
525 2283 607 2326 habuit,
619 2287 664 2320 erat
676 2284 808 2322 adiutorium
821 2284 869 2320 sine
880 2294 923 2327 quo

142 2436 150 2457 2
164 2432 208 2471 Pag.
222 2431 251 2465 34.

141 2496 150 2518 ὅ
162 2492 216 2525 Denz
229 2493 269 2526 776.

143 2558 151 2579 4
164 2553 217 2586 Denz
231 2553 270 2587 793.

142 2614 216 2647 ὄῦεηῑ
230 2614 270 2647 797.

142 2678 150 2699 t
164 2674 217 2707 Denz
231 2674 266 2707 814
282 2684 297 2707 s¹

143 2738 150 2759 ⁷
165 2734 228 2774 Supra
243 2742 286 2774 pag.
303 2734 331 2768 60.
