1952 3093
440 77 471 104 -‘'
482 74 520 113 329
533 98 561 103 -

83 210 167 245 quoque
177 198 221 236 illis
231 198 306 243 gratia,
318 208 360 243 qna
371 197 486 243 possibilia
495 197 549 235 fiant
556 210 574 234 ».
586 196 643 241 Ergo
655 195 774 250 secundum
786 193 911 233 lanscninm

84 272 120 309 ille
134 271 173 315 qui
185 272 268 314 peccat,
284 279 327 308 non
341 268 419 307 habuit
432 269 524 313 gratiam
539 279 589 306 vere
604 268 753 306 sufficientem.
765 289 793 296 -
807 265 839 309 2t:
858 265 911 303 «In-

83 333 254 386 teriorigratiae
270 342 293 378 in
309 343 365 379 statu
381 344 471 379 naturae
486 341 560 385 lapsae
577 351 686 385 nunquam
703 339 838 377 resistitur».
854 337 911 382 Ergo

83 414 158 459 gratia,
173 425 227 459 quae
241 417 272 451 est
286 424 336 451 vere
351 413 466 456 sufficiens,
481 412 545 461 etiam
559 416 591 450 est
603 412 689 456 atticam
705 421 749 449 non
764 411 827 448 datur
841 409 911 454 gratia

84 497 134 525 vere
149 490 170 524 et
186 497 244 524 mere
261 485 370 525 sufficiens
376 488 402 522 2⁷.

136 564 265 602 Acamanta
277 564 326 601 VIII
340 564 451 601 damnavit
464 575 549 600 errores
561 563 735 606 iansenistarum
749 563 807 600 inter
818 572 873 607 qnos
887 561 909 598 6:

87 636 178 675 «Gratia
196 636 305 674 sufficiens
322 636 387 673 statui
404 638 478 673 nostro
497 646 540 672 non
559 638 602 673 tam
619 635 685 679 utilis,
703 646 768 680 quarn
787 633 912 679 perniciosa

86 711 123 751 est,
136 707 175 753 sic,
187 711 212 746 ut
224 707 317 751 proinde
331 708 409 744 merito
421 708 529 750 possimus
544 710 627 751 petere:
643 707 660 743 A
673 707 742 750 gratia
755 706 875 743 sufficiente
888 705 912 741 li-

86 782 136 818 bera
148 790 194 824 nos,
206 779 298 818 Domine
306 792 318 816 t>
326 782 351 817 ¹⁸.

139 857 244 897 ereneus
260 857 287 895 lli
305 858 417 895 damnavit
433 869 518 897 errores
536 857 648 895 Paschasii
666 858 765 901 Quesnel,
783 857 841 894 inter
857 866 911 901 quos

87 941 128 969 err.
144 930 191 969 9-25
208 930 321 968 contInent
337 929 466 973 doctrinam,
482 930 573 974 gratiam
587 941 634 967 csse
650 929 799 973 operationem
815 927 913 972 omnipo-

87 1002 152 1041 tentis
167 1002 214 1046 Dei,
229 1012 293 1047 quam
309 1002 366 1039 nihil
382 1005 454 1046 potest
469 1002 583 1046 impedire,
600 1001 635 1039 cui
652 1002 711 1038 nulla
726 1002 825 1059 uoluntas
842 1003 914 1044 potest

87 1073 194 1113 resistere.
204 1074 226 1112 Si
237 1077 307 1111 autem
319 1073 387 1117 gratia
397 1077 431 1112 est
443 1056 539 1112 absolute
550 1073 702 1118 irresistibilis,
714 1066 837 1111 necessarIo
849 1071 914 1110 habet

88 1157 150 1184 suum
161 1145 275 1184 effectum:
290 1146 309 1184 si
320 1147 389 1190 gratia
402 1148 435 1183 est
447 1146 562 1191 sufficiens,
577 1148 609 1183 est
622 1146 687 1183 etiam
701 1145 786 1190 edicam
798 1155 857 1183 merc
871 1145 914 1182 sul-

87 1218 162 1256 flciens
175 1228 219 1257 non
232 1218 331 1256 hahetur.
344 1200 448 1262 4--151011
461 1218 497 1256 10:
515 1217 608 1256 «Gratia
622 1221 654 1256 est
667 1217 766 1262 operatio
779 1227 856 1254 manus
871 1227 914 1254 om-

88 1289 274 1334 1110101111Βεὶ,
293 1301 359 1335 quam
379 1289 436 1327 nihil
455 1290 562 1334 impedire
582 1293 652 1334 potest
673 1293 709 1327 aut
730 1289 868 1327 retardare».
888 1311 915 1317 »-

87 1362 150 1406 Prop.
163 1362 199 1400 13:
215 1362 326 1406 «Quando
337 1363 395 1400 Deus
406 1362 453 1400 vult
465 1362 559 1400 animam
573 1363 654 1400 salvam
666 1362 739 1400 tacere
752 1364 772 1399 et
785 1372 832 1399 eam
845 1360 915 1405 tangit

87 1433 191 1472 interiore
201 1434 283 1478 gratiae
296 1444 347 1472 suae
358 1443 430 1477 manu,
442 1434 501 1472 nulla
514 1434 614 1472 voluntas
626 1434 721 1472 bumana
734 1434 754 1471 ei
767 1433 875 1472 resistit».
887 1456 914 1461 κ

86 1505 149 1550 Prop.
163 1505 199 1544 16:
215 1506 310 1543 «Nullae
323 1509 373 1544 sunt
386 1505 509 1560 illecebrae,
523 1517 578 1551 quae
592 1517 636 1545 non
651 1506 730 1544 cedant
743 1505 853 1544 illecebris
867 1515 913 1549 gra-

90 1577 141 1623 tiae;
159 1577 210 1623 quia
228 1577 285 1615 nihil
302 1577 384 1615 resistit
402 1577 574 1622 omnipotenti».
591 1601 619 1606 —
636 1578 672 1616 19:
694 1577 753 1615 «Dei
772 1578 841 1622 gratia
859 1577 915 1615 nihil

89 1649 148 1687 aliud
157 1653 191 1688 est
202 1660 266 1695 quam
275 1649 323 1688 eius
333 1649 471 1694 omnipotens
483 1650 593 1688 voluntas:
605 1649 660 1688 haec
672 1653 704 1688 est
714 1650 770 1695 idea,
782 1660 846 1695 quam
857 1650 915 1687 Deus

88 1721 134 1765 ipse
149 1721 212 1760 nohis
226 1722 293 1760 tradit
306 1722 330 1759 in
342 1721 443 1760 omnibus
456 1723 502 1760 suis
515 1722 634 1767 Scriptis».
648 1745 676 1751 —
688 1722 753 1768 Prop.
767 1721 804 1760 21:
822 1720 914 1760 «Gratia

89 1793 137 1831 lesu
151 1793 232 1831 Christi
246 1797 278 1832 est
292 1794 361 1838 gratia
376 1794 446 1839 fortis,
461 1797 545 1838 potens,
560 1805 667 1839 suprema,
682 1794 826 1838 lnvincibills,
841 1798 915 1839 utpote

89 1876 143 1909 quae
157 1869 188 1904 est
202 1866 300 1909 operatio
313 1866 430 1903 voluntatis
444 1866 607 1911 omnipotentis,
623 1867 709 1911 sequela
724 1869 744 1903 et
758 1866 852 1904 imitatio
867 1877 916 1909 ope-

90 1929 181 1974 rationis
197 1938 238 1975 Dei
256 1937 391 1975 incarnantis
410 1941 430 1975 et
447 1938 597 1976 resuscitantis
614 1938 694 1976 Filium
712 1941 827 1976 suumsw.

140 2014 193 2052 P1us
207 2015 235 2052 VI
249 2015 321 2065 damn.
336 2026 377 2053 err.
391 2016 468 2060 synod.
482 2016 533 2060 pist.
546 2016 583 2053 21:
600 2016 749 2060 «Propositio,
763 2027 818 2061 quae
832 2018 916 2057 asserit,

89 2086 162 2125 lumen
177 2088 264 2132 gratiae,
279 2089 366 2133 quando
382 2089 410 2126 sit
424 2089 500 2133 solum,
513 2100 557 2126 non
573 2092 690 2133 praestare,
703 2089 748 2126 nisi
762 2092 786 2126 ut
801 2099 917 2133 cognosca-

91 2170 137 2197 mus
152 2160 304 2198 infelicitatem
317 2161 387 2198 nostri
402 2163 468 2214 status
484 2164 504 2198 et
520 2161 647 2205 gravitatem
662 2162 732 2200 nostri
747 2162 809 2206 mali;
825 2161 916 2206 gratiam

91 2229 112 2266 in
128 2232 167 2268 tali
184 2243 235 2269 casu
252 2233 374 2275 producere
391 2233 484 2270 eundem
502 2233 610 2275 effectum,
627 2245 691 2277 quem
708 2234 751 2271 Lex
769 2234 914 2277 producebat:

91 2302 242 2352 ideobnecesse
254 2315 307 2348 esse,
321 2307 344 2341 ut
355 2305 412 2341 Deus
425 2308 483 2342 creet
496 2305 519 2341 in
534 2306 600 2343 corde
613 2308 688 2343 nostro
703 2309 801 2343 sanctum
815 2316 917 2346 amorem,

92 2377 112 2410 et
126 2375 221 2420 inspiret
236 2375 332 2414 sanctam
349 2376 514 2415 delectationem
523 2377 662 2415 'contrariam
676 2377 746 2416 amori
761 2377 785 2414 in
801 2377 865 2416 nobis
882 2377 918 2415 do

92 2446 194 2492 minantb
207 2448 266 2487 hunc
280 2460 375 2487 amorem
390 2452 495 2493 sanctum,
509 2450 566 2487 hanc
581 2453 677 2487 sanctam
691 2450 856 2488 delectationem
871 2461 917 2488 esse

140 2619 156 2640 ¹⁷
170 2616 223 2648 Denz
237 2616 284 2649 1092
299 2626 314 2649 s.

141 2678 158 2700 1⁸
170 2676 223 2708 Denz
240 2676 292 2709 1296.

139 2738 157 2760 ¹⁹
170 2736 223 2769 Denz
235 2735 281 2770 1359
296 2745 322 2769 ss.
