1952 3093
465 16 585 56 ·-272-

164 139 290 177 Batuswss
303 140 377 179 docuit
389 139 578 177 conversationem
591 142 694 184 sanctam,
707 141 891 183 perseverantiam
904 153 936 180 us

112 222 152 255 que
167 211 196 248 ad.
208 210 273 248 finem
286 209 352 254 vitae‘
365 211 464 254 corporis
478 211 659 248 resurrectionem
672 213 762 255 proprie
777 222 821 249 non
837 213 880 249 nisi
895 224 937 252 me·

112 282 160 319 ritis
175 282 256 320 Christi
268 283 414 320 adscribenda
428 294 481 320 esse.
496 283 624 321 Consecutio
638 287 709 337 autem
722 283 778 321 vitae
793 287 892 322 aeternae
907 297 937 323 se-

115 355 210 391 cundum
229 356 299 398 ipsum
320 365 363 392 non
383 355 466 392 meritis
486 355 567 393 Christi
586 366 655 399 neque
673 356 786 399 proposito
803 355 885 399 gratiae
901 356 941 395 Dei

113 427 236 471 deputanda
252 429 289 472 est,
304 426 342 464 sed
355 427 449 464 naturali
462 427 595 465 institutioni
610 428 695 471 generis
709 427 799 465 humani
814 427 938 466 adscriben-

114 500 147 537 da.
162 499 233 538 Reicit
247 500 377 537 sententiam
393 512 466 538 eorum
480 500 517 545 qui
533 500 608 537 dicunt
623 501 724 538 meritum
740 512 766 539 ex
780 502 891 545 operantis
907 501 938 539 di-

112 574 192 617 gnitate
210 573 274 614 (fiiius
287 574 327 611 Dei
341 573 389 615 etc.)
403 574 536 611 metiendum
549 584 601 617 esse,
615 574 653 611 sed
665 577 709 611 tota
722 574 794 611 meriti
808 574 863 611 ratio
876 585 901 612 ex
915 586 940 611 eo

114 646 223 683 metienda
236 648 273 688 est,
286 645 344 690 quod
358 657 425 690 opera
439 646 483 683 sint
497 645 621 683 ohedientia
633 647 791 683 mandatorum.

167 718 177 754 1
186 727 219 754 an
228 728 237 754 s
246 729 256 754 e
265 728 279 753 n
287 718 295 753 i
303 729 317 754 u
325 729 334 754 s
341 721 370 746 aee
391 719 477 760 negarit
492 717 518 754 ad
534 728 588 760 onus
605 717 739 755 meritorium
756 719 838 762 requiri
854 719 939 756 liberta·

114 784 155 825 tem
170 801 181 826 a
195 789 329 826 necessitate.

116 1030 566 1073 THESIS16:Iustitteatusbonisoperibus,
587 1042 640 1074 quae
656 1034 683 1066 ab
695 1041 720 1067 eo
737 1042 778 1074 per·
796 1032 835 1067 Det
850 1033 942 1074 gratiam

164 1096 186 1127 et
197 1094 244 1127 Iesu
258 1093 335 1128 Ctrrtsti
347 1093 444 1127 meritum
457 1093 523 1133 (cutus
537 1094 607 1127 vivum
622 1093 739 1127 membrum
756 1094 794 1134 est)
813 1092 874 1133 rrum,
894 1102 943 1127 vere

164 1156 258 1188 meretur
269 1156 403 1196 augmentum
414 1155 502 1195 gratiae,
517 1154 581 1187 vitam
595 1156 702 1187 aeternam
716 1156 738 1188 et
749 1154 816 1195 ipsius
835 1154 890 1188 vitae
908 1162 943 1187 ae·

164 1217 237 1249 ternae
250 1215 276 1255 (si
288 1216 358 1248 tamen
371 1216 393 1248 in
404 1214 473 1255 grana
486 1214 605 1254 decesserit)
621 1215 795 1254 consecutionem,
805 1216 868 1254 atque
880 1214 943 1248 etiam

163 1275 244 1315 gloriae
256 1276 397 1315 augmentum.

171 1402 239 1439 Verba
253 1402 320 1439 thesis
336 1402 447 1445 desumpta
461 1406 510 1439 sunt
523 1414 549 1438 ex
563 1412 610 1439 can.
625 1402 650 1439 32
665 1402 754 1439 concilii
769 1402 889 1439 tridentini.

173 1486 183 1510 t<
191 1473 351 1511 Iustificatusa:
365 1473 393 1511 Ut
405 1473 470 1510 homo
482 1474 551 1516 possit
564 1473 642 1510 mereri
657 1473 720 1510 debet
733 1484 779 1511 esse
791 1473 814 1510 in
828 1475 884 1511 statu
896 1482 942 1516 gra·

119 1546 166 1590 tiae,
180 1545 275 1584 vitaliter
287 1545 416 1584 coniunctus
429 1557 478 1584 cum
490 1545 582 1584 Christo.
594 1546 617 1584 Io
630 1546 661 1590 15,
673 1546 696 1583 t:
712 1558 722 1582 «
731 1545 791 1584 Sicut
803 1546 885 1590 palmes
898 1556 941 1583 non

60 1607 66 1616 ⁴
119 1622 190 1663 potest
207 1619 264 1656 terre
281 1619 382 1662 fructum,
400 1619 443 1655 nisi
460 1619 563 1656 manserit
581 1619 603 1655 in
620 1618 670 1662 vite,
689 1618 720 1656 sic
738 1629 779 1656 nec
796 1629 841 1662 vos,
859 1618 902 1656 nisi
920 1619 942 1655 in

119 1702 152 1729 me
167 1691 317 1729 manseritis».
332 1690 436 1729 Peccator
450 1701 494 1728 non
507 1690 572 1728 habet
585 1691 685 1728 meritum
700 1691 774 1728 stricte
790 1691 871 1728 dictum
883 1691 943 1734 apud

119 1764 193 1801 Deum.
208 1763 321 1801 Praeterea
337 1764 400 1801 dehet
415 1764 479 1801 homo
495 1774 539 1801 esse
555 1764 577 1800 in
594 1766 650 1801 statu
664 1763 711 1801 viae
718 1767 753 1801 ³⁸³⁰.

174 1835 258 1872 «Bonis
270 1835 373 1879 oneribus
381 1847 404 1871 »ι
419 1835 479 1872 Bona
492 1846 557 1878 opera
571 1846 595 1872 ea
607 1838 662 1879 sunt,
675 1835 753 1879 quibus
765 1835 829 1872 homo
843 1835 944 1872 mandata

121 1908 153 1944 vel
170 1907 262 1945 consilia
277 1892 317 1944 Dei
333 1907 439 1950 observat,
456 1906 534 1950 quibus
552 1907 595 1950 agit
612 1907 730 1944 secundum
749 1907 880 1943 voluntatem
897 1907 943 1944 Dei.

119 1979 171 2015 Tale
185 1981 255 2016 autem
268 1989 329 2022 onus,
343 1982 366 2015 ut
379 1978 407 2015 sit
419 1977 560 2022 meritorium,
576 1978 638 2015 debet
652 1989 697 2015 esse
711 1978 813 2023 liberum3
828 1988 877 2014 nam
890 1989 944 2021 opus

121 2050 255 2087 meritorium
269 2053 300 2087 est
312 2049 455 2087 retributione
470 2049 557 2093 dignum
562 2061 567 2094 ;
582 2059 631 2093 ergo
646 2050 747 2093 inopere
762 2049 825 2087 debet
838 2049 903 2087 horno
918 2051 943 2087 de

121 2133 158 2160 suo
174 2123 256 2168 aliquid
270 2123 371 2166 tribuere,
385 2122 408 2159 id
421 2122 480 2167 quod
494 2124 576 2160 tantum
589 2124 666 2165 potest,
680 2123 703 2159 in
718 2124 821 2167 quantum
837 2125 868 2159 est
881 2122 943 2160 liber.

120 2194 168 2233 Non
182 2195 259 2233 sufficit
273 2195 362 2232 iihertas
377 2205 389 2232 a
404 2194 522 2237 coactione,
538 2194 575 2231 sed
590 2194 708 2239 requiritur
722 2194 811 2233 libertas
827 2205 838 2231 a
852 2195 944 2233 necessi-

120 2270 168 2311 tate,
181 2267 213 2305 uti
225 2270 301 2305 contra
312 2266 437 2305 Iansenium
449 2266 560 2304 definitum
573 2270 604 2305 est
612 2270 645 2310 1³1,
658 2267 703 2305 sive
716 2267 804 2305 libertas
817 2267 943 2305 indifferen-

120 2339 169 2384 tiae,
181 2350 247 2384 eaque
258 2340 292 2376 vet
304 2340 410 2383 exercitii,
421 2339 455 2376 vet
466 2338 641 2382 specificationis,
653 2339 729 2376 saltem
741 2339 760 2376 si
771 2343 803 2377 est
814 2339 872 2377 inter
884 2342 944 2377 actus

170 2499 196 2522 12⁸
208 2495 257 2529 Vide
268 2506 328 2535 supra
337 2504 379 2535 pag.
391 2496 413 2528 56
423 2505 448 2529 ss.

170 2560 196 2583 1²⁹
210 2556 272 2596 Supra
286 2563 329 2596 pag.
344 2556 365 2590 63
379 2566 394 2589 s.

168 2622 197 2645 1³⁰
210 2620 239 2652 Cf.
251 2621 358 2652 tractatum
372 2619 394 2652 de
407 2619 531 2652 Novissimis,

169 2684 197 2707 2³1
211 2681 267 2721 Prop.
279 2682 299 2718 3:
312 2681 365 2715 Denz
378 2681 430 2715 1094.
