1952 3093
470 21 578 59 -10-

113 143 202 180 rendam
228 143 254 179 ad
279 142 399 179 Romanum
418 142 544 179 Pontificem
564 143 654 179 censuit.
680 142 761 180 Eodem
780 143 824 180 iere
844 147 940 188 tempore

94 227 96 232 ·
114 216 155 253 duo
171 215 269 259 episcopi
284 215 335 258 galli
351 215 441 258 exsules,
456 215 524 252 Heros
540 215 671 253 Arelatensis
685 219 705 253 et
721 216 812 253 Lazarus
828 216 940 260 Aquensis,

112 288 222 331 Pelagium
235 291 255 324 et
268 286 397 325 caelestium
410 288 468 332 apud
479 288 593 332 Eulogium
606 288 766 332 metropolitam
780 300 941 327 caesareensem

114 363 276 398 accusaverunt.
290 359 393 404 Eulogius
410 362 517 404 synodum
531 361 707 406 Diospolim
726 361 818 405 (Lydda)
837 372 941 400 convoca-

114 433 150 477 vit,
166 433 189 469 in
206 443 248 478 qua
266 432 383 477 «Pelagius
401 433 426 470 ab
445 434 554 477 episcopis
572 434 596 470 14
613 434 741 477 provinciae
756 434 890 472 Palaestinae
909 445 941 471 ca-

112 505 205 542 tholicus
217 508 249 542 est
260 505 413 548 pronuntiatus
422 518 433 541 »
442 509 456 542 ⁹.
469 505 537 543 Heros
550 508 570 542 et
581 506 673 543 Lazarus
687 506 792 550 episcopi,
805 507 842 551 qui
854 506 937 551 synodo

114 577 276 621 Diospolitanae
295 578 338 622 ipsi
357 588 401 615 non
419 579 569 621 interfuerant,
588 589 628 621 per
645 578 745 616 Orosium
764 578 874 623 episcopis
891 579 941 616 afri-

115 650 175 686 canis
190 661 282 694 eaquae
298 650 320 687 in
337 651 420 695 synodo
437 653 483 688 acta
499 655 560 688 erant
575 651 796 688 communicaverunt.
813 651 840 688 Hi
855 651 942 689 Cartha-

114 722 163 766 gine
181 722 236 765 (413)
250 723 356 760 iudicium
372 726 434 761 antea
448 724 471 759 in
486 722 614 761 Caelestium
628 724 695 760 latum
711 723 866 761 confirmarunt
881 723 941 761 etde

115 798 158 832 iota
185 795 310 839 quaestione
330 796 358 832 ad
379 807 485 833 summum
505 795 632 833 Pontificem
660 796 773 839 epistolam
801 795 941 840 miserunt10;

116 867 178 905 brevi
197 871 246 910 post
266 867 324 905 idem
344 868 397 905 tecit
417 869 512 912 synodus
532 868 641 905 Mileve
667 867 774 912 habitan,
795 872 815 905 et
833 870 944 912 praeterea

115 940 210 983 quinque
236 939 340 983 episcopi,
360 940 417 976 inter
436 951 490 984 quos
509 940 672 983 Δ4111115111111511.
697 939 837 977 Innocentius
863 938 955 977 mense'

115 1012 216 1049 ianuario
232 1012 269 1048 417
284 1013 353 1049 tribus
368 1012 446 1050 litteris
462 1012 606 1056 responditu,
622 1012 700 1057 quihus
716 1012 845 1049 sententiam
861 1012 943 1056 episco-

114 1095 191 1127 porum
207 1084 296 1121 omnino
313 1084 425 1128 approbat¹
442 1084 491 1122 «De
506 1085 547 1121 hac
563 1095 627 1121 causa
646 1084 692 1126 (sel.
707 1084 880 1128 Pelagianorum)
897 1085 939 1122 duo

116 1156 210 1193 concilia
226 1157 292 1194 missa
310 1160 359 1194 sunt
376 1157 403 1193 ad
421 1158 494 1194 sedern
512 1156 664 1200 apostolicam:
685 1157 736 1194 inde
755 1151 819 1194 etiam
837 1157 943 1200 rescripta

109 1232 228 1282 *venerunt
247 1228 315 1266 Causa
333 1228 394 1266 finita
414 1233 455 1266 est:
477 1230 559 1267 utinam
579 1229 695 1273 aliquando
714 1228 802 1266 finiatur
820 1229 943 1267 errorl»14.

167 1300 266 1344 Pelagius
283 1311 339 1337 anno
357 1301 395 1338 417
411 1302 538 1339 Innocentio
554 1301 563 1337 Ι
581 1301 706 1338 «Lihellum
721 1300 791 1338 fide-i»
810 1301 939 1344 exhibuitu,

117 1384 180 1417 quem
195 1376 267 1411 tamen
282 1385 395 1411 successor
409 1375 454 1411 eius
469 1375 567 1411 Zosimus
583 1374 673 1418 accepit,
690 1374 807 1418 eodemque
823 1384 880 1411 anno
892 1373 943 1411 Cae-

116 1446 191 1483 lestius
204 1445 294 1483 Rolnam
307 1446 366 1483 venit
380 1449 400 1483 et
413 1446 498 1483 Zosimo
514 1446 670 1484 subiectionem
685 1446 723 1483 suh
739 1446 784 1483 eius
799 1446 882 1483 iudicio
895 1457 943 1490 pro-

118 1518 190 1556 mittit.
204 1518 261 1555 Hinc
276 1518 375 1555 Zosimus
390 1530 435 1556 rem
453 1519 478 1556 de
494 1529 550 1556 novo
567 1518 702 1556 tractandam
719 1517 803 1555 censuit
818 1517 883 1562 idque
900 1519 944 1561 epi-

118 1590 190 1634 scopis
206 1589 310 1628 africanis
326 1591 495 1628 communicavit
503 1595 527 1628 1⁶.
542 1591 614 1628 Mense
628 1590 684 1628 Maio
701 1591 738 1628 418
756 1589 847 1628 Carth
856 1601 867 1627 a
875 1599 887 1634 g
895 1591 903 1627 i
911 1600 925 1626 n
934 1602 944 1627 e

119 1663 215 1706 synodus
229 1664 278 1706 plus
293 1674 357 1707 quam
374 1663 412 1701 200
430 1662 582 1707 episcoporum
597 1662 671 1700 habita
688 1666 725 1706 est,
740 1663 763 1699 in
778 1673 820 1706 qua
836 1662 847 1699 8
867 1661 895 1704 (9)
911 1673 945 1699 ca-

118 1746 186 1773 nones
203 1736 277 1772 statuti
294 1738 349 1780 sunt,
366 1735 445 1780 quihus
461 1735 631 1779 Pelagianismus
648 1736 762 1772 damnatur
769 1739 794 1772 11.
810 1734 879 1772 Huius
895 1745 945 1772 con·

118 1808 165 1845 cilii
179 1810 227 1845 acta
241 1807 331 1845 Romam
345 1808 410 1845 missa
426 1811 481 1845 sunt.
496 1808 593 1844 Zosimus
610 1807 737 1845 Caelestinm
751 1808 773 1843 in
789 1806 895 1844 iudicium
909 1817 945 1844 vo·

119 1880 183 1924 cavit,
198 1879 314 1917 Caelestius
330 1882 400 1917 autem
416 1880 482 1917 Roma
499 1880 601 1924 profugit,
618 1884 638 1917 et
656 1880 734 1917 deinde
750 1879 797 1923 ipse
813 1883 833 1916 et
847 1878 945 1923 Pelagius

119 1964 130 1989 a
144 1953 230 1990 Summo
243 1952 346 1989 Pontifice
361 1952 542 1989 excommunicati
558 1956 613 1989 sunt.
627 1951 708 1989 Eodem
723 1962 780 1988 anno
795 1950 892 1988 Zosimus
907 1951 945 1987 mi-

168 2146 176 2166 9
190 2142 316 2181 Augustinus,
329 2142 356 2174 De
369 2142 428 2181 gestis
441 2141 521 2180 Pelagii,
533 2151 561 2173 nr.
574 2143 593 2179 1;
607 2141 639 2173 ML
653 2141 680 2178 44,
694 2140 734 2173 319.
748 2140 848 2179 Quomodo
861 2139 946 2178 episcopi

122 2203 144 2235 ad
158 2203 218 2235 talem
232 2203 351 2235 senientiam
363 2203 465 2241 pervenire
478 2202 584 2241 potuerint,
598 2201 671 2234 ibidem
684 2211 714 2233 nr.
728 2201 750 2233 45
764 2200 854 2239 explicat.

169 2267 186 2289 κ]
199 2263 233 2302 Ep.
247 2262 280 2296 175
294 2263 347 2296 inter
360 2273 388 2302 ep,
401 2273 416 2296 s.
430 2261 476 2300 Aug.
489 2262 523 2294 ML
536 2262 564 2300 33,
579 2262 618 2294 758.

170 2328 186 2348 11
200 2324 234 2363 Ep.
248 2323 287 2363 176,
299 2323 333 2356 ML
344 2323 372 2362 33,
387 2323 426 2355 762.

170 2389 187 2409 11
200 2384 233 2423 Ep.
246 2383 285 2423 177,
297 2384 331 2417 ML
344 2383 372 2422 33,
386 2383 425 2416 734.

170 2449 187 2469 1³
200 2445 234 2483 Ep.
247 2444 331 2483 181-183,
342 2445 376 2477 ML
388 2443 416 2483 33,
428 2444 468 2476 773.

171 2508 188 2530 14
202 2504 248 2543 Aug.
263 2514 319 2537 serm.
335 2504 375 2543 131,
389 2505 424 2537 ML
437 2504 465 2538 38,
481 2504 520 2536 734.

171 2569 188 2590 15
201 2565 235 2598 ML
248 2565 276 2603 45,
291 2564 342 2598 1716.

171 2630 189 2652 16
202 2626 235 2658 ML
247 2625 275 2664 45,
288 2624 340 2658 1713.
353 2624 405 2658 1721.

170 2690 187 2711 1⁷
201 2686 253 2718 Denz
270 2685 354 2718 iot-108.
