1952 3093
433 278 485 316 Doc.
501 278 627 316 Eccnnsmu.

173 434 237 472 Gouc.
251 432 419 472 annusrcnnum:
439 435 504 472 «Hoc
519 435 583 472 etiam
599 434 718 489 secundum
733 434 798 471 iidem
815 433 944 472 catholicam

119 507 234 550 credimus,
247 506 306 551 quod
319 510 368 550 post
381 510 492 550 acceptam
506 518 545 550 per
557 506 689 550 baptismum
701 506 792 550 gratiam
806 516 881 543 omnes
893 505 944 549 bap-

120 578 186 621 tizati,
203 577 289 617 Christo
307 578 425 616 auxiliante
443 582 464 616 et
481 581 618 623 cooperante,
635 589 689 622 quae
707 578 734 615 ad
753 578 843 615 salutem
862 578 946 615 animae

120 650 237 695 pertinent,
250 651 335 693 possint
350 655 371 688 et
386 651 484 693 debeant,
499 651 517 687 si
531 650 624 688 fideliter
636 650 735 687 laborare
750 649 865 694 voluerint,
874 648 946 701 adim·
964 663 965 666 ¹

121 715 233 764 pteresw.
249 721 306 766 Ergo
322 722 425 766 baptizati
441 726 537 766 possunt,
555 723 573 758 si
589 722 674 766 volunt;
691 722 711 759 si
727 731 778 765 ergo
795 732 839 759 non
857 721 946 763 iaciunt,

121 785 164 832 non
177 794 229 831 inde
242 797 280 837 est,
290 794 350 838 quod
361 804 405 832 non
417 794 534 832 habuerint
546 794 651 831 auxilium
663 793 828 846 suffici·ens,sed
840 794 892 838 quia
903 803 945 831 non

122 866 247 904 voluerunt:
262 867 322 904 adest
334 876 384 911 ergo
396 867 440 904 illis
452 867 519 910 gratia
531 878 580 904 vere
594 866 708 909 sufficiens,
720 877 775 910 quae
787 876 861 903 eorum
874 866 947 903 volun-

123 941 164 975 tate
180 941 252 975 manet
266 950 324 976 mere
338 938 454 981 sufficiens.
859 977 861 980 Α

176 1009 241 1047 Corte.
254 1020 406 1048 minnurmum
420 1022 467 1054 cap.
484 1012 505 1047 5:
523 1011 595 1047 Adulti
612 1012 758 1054 disponuntur
773 1011 800 1048 ad
815 1010 948 1048 iustificatio-

122 1094 170 1120 uem
182 1084 263 1126 gratiae
273 1083 341 1121 libere
354 1083 491 1121 assentiendo
504 1087 524 1120 et
536 1083 681 1127 cooperando,
693 1083 743 1120 «ita
753 1085 781 1127 ut,
792 1086 892 1126 tangente
904 1083 948 1119 Deo

123 1165 161 1193 cor
173 1154 269 1192 hominis
283 1165 322 1199 per
337 1154 430 1198 Spiritus
444 1155 517 1193 Sancti
532 1155 721 1198 illuminationem,
737 1165 807 1199 neque
820 1155 947 1198 homoipse

123 1226 178 1264 nihil
191 1227 281 1282 omnino
294 1231 348 1271 agat,
362 1227 529 1270 inspirationem
542 1227 602 1264 illam
615 1227 731 1271 recipiens,
744 1226 826 1271 quippe
837 1227 875 1271 qui
888 1227 946 1264 illam

124 1302 144 1336 et
158 1298 244 1337 abicere
256 1301 333 1343 potest,
347 1310 416 1344 neque
430 1296 507 1337 tamen'⁴
516 1299 562 1337 sin-e
576 1300 645 1343 gratia
656 1299 697 1337 Dei
711 1310 797 1337 movere
812 1310 834 1336 se
847 1299 874 1336 ad
889 1298 949 1336 iusti-

124 1370 176 1408 tiam
193 1382 266 1409 coram
282 1371 321 1409 illo
338 1371 406 1409 libera
423 1382 461 1409 sua
477 1372 587 1409 voluntate
604 1372 692 1415 possit»
702 1375 726 1409 ¹³.
741 1370 797 1415 Ergo
816 1371 863 1409 sine
881 1371 949 1414 gratia

124 1442 167 1480 non
182 1445 253 1486 potest
267 1455 290 1481 sc
304 1443 369 1481 homo
384 1444 412 1480 ad
426 1443 531 1481 iustitiam
545 1454 641 1489 movere;
657 1454 706 1481 cum
721 1444 790 1487 gratia
803 1446 882 1488 potest;
897 1453 949 1487 crgo

124 1514 193 1557 gratia
206 1517 240 1552 est
254 1526 304 1552 vene
319 1515 437 1559 sufficiens;
454 1516 472 1553 si
488 1526 537 1552 cum
552 1516 589 1552 illa
605 1518 719 1560 semovet,
734 1515 804 1560 gratia
817 1517 849 1553 est
864 1514 948 1558 efficax;

124 1589 195 1628 potest
206 1589 278 1624 tamen
289 1586 354 1625 homo
366 1598 413 1624 cam
427 1587 518 1630 abicere,
530 1591 551 1624 et
563 1588 595 1624 sic
607 1590 679 1625 manet
690 1598 749 1625 mere
762 1586 877 1624 sufficiens.
889 1586 949 1624 Idem

125 1670 149 1695 ex
164 1669 247 1697 canone
262 1659 306 1696 4²⁴.

178 1730 230 1775 Cap.
241 1732 278 1769 11:
292 1731 392 1769 Mandata
405 1731 490 1769 homini
502 1731 618 1770 iustificato
631 1733 658 1769 ad
670 1732 830 1770 observandum
843 1743 886 1769 non
900 1735 950 1770 sunt

125 1803 276 1847 impossibilia,
291 1813 341 1841 nam
358 1804 414 1841 Deus
430 1804 518 1841 adiuvat
532 1794 558 1841 ut
571 1805 646 1848 possit,
663 1805 731 1848 gratia
747 1814 786 1842 sua
802 1814 846 1842 non
863 1804 949 1847 deserit,

125 1875 168 1912 nisi
184 1876 245 1918 prius
264 1876 407 1913 deseraturffi.
423 1875 479 1919 Ergo
496 1887 582 1919 semper
598 1876 642 1913 illis
660 1879 747 1919 praesto
765 1880 798 1914 est
815 1876 890 1920 gratia,
908 1886 949 1920 qua

124 1946 209 1989 possint
221 1947 322 1984 mandata
336 1948 376 1984 Dei
389 1947 515 1991 ohservare;
530 1951 621 1990 possunt
634 1951 704 1985 autem
718 1947 823 1985 iustitiam
837 1948 949 1991 peccando

125 2018 222 2057 amittere
240 2020 296 2063 (cap.
312 2019 354 2063 15);
370 2030 420 2063 ergo
436 2021 458 2056 in
472 2020 509 2057 tali
525 2031 575 2057 casu
591 2021 659 2064 gratia
673 2024 718 2057 erat
733 2031 783 2057 ver-e
798 2023 819 2057 et
833 2031 891 2057 mere
907 2020 949 2057 sul'-

124 2091 206 2129 ficiens.

177 2164 324 2201 innocencio-s
338 2165 364 2201 lii
380 2165 491 2203 damnavit
505 2169 528 2201 ut
542 2165 663 2203 haereticos
679 2176 762 2218 errores
777 2165 873 2202 lansenii
881 2169 909 2202 1⁶:
927 2166 948 2201 1:
960 2208 963 2214 Δ

124 2236 219 2280 <Aliqua
233 2236 273 2275 Dei
287 2240 403 2280 praecepta
418 2236 543 2273 hominihus
559 2237 621 2273 iustis
637 2237 759 2274 volentibus
774 2240 795 2273 et
811 2237 947 2274 conantibus.

122 2308 242 2353 secundum
257 2311 388 2351 praesentes,
404 2319 457 2352 quas
472 2307 553 2344 habent
568 2308 632 2351 vires,
649 2312 698 2345 sunl
713 2308 868 2350 impossibilia:
888 2308 947 2345 deest

171 2461 189 2483 2²
202 2458 255 2492 Denz
269 2458 309 2492 200.

172 2522 189 2545 1³
202 2518 255 2552 Denz
269 2517 309 2552 797.

148 2572 150 2576 ’
172 2583 190 2604 14
202 2578 255 2611 Denz
268 2578 309 2611 814,

173 2637 311 2671 15120112804,

173 2702 190 2723 1⁶
203 2697 252 2731 Vide
267 2708 327 2736 snpra
342 2705 384 2737 pag,
401 2697 423 2730 72
438 2708 452 2730 s,
