1952 3093
465 55 586 92 -276-

167 178 220 215 P1us
230 178 248 214 V
259 177 370 215 damnavit
381 177 543 221 propositiones
554 176 612 214 Baii:
626 177 691 220 Prop.
701 176 724 213 2:
740 188 750 211 «
760 175 819 213 Sicut
831 186 885 219 opus
897 187 939 214 ma-

114 252 159 287 lum
172 261 197 287 ex
209 252 286 287 natura
297 260 335 287 sua
348 253 379 287 est
391 249 467 286 mortis
480 252 579 286 aeternae
592 248 733 291 meritorium,
747 248 779 284 sic
791 247 872 284 bonum
885 259 939 291 opus

115 333 140 359 ex
153 324 230 359 natura
244 332 282 359 sua
294 324 326 359 est
339 321 395 358 vitae
410 324 509 358 aeternae
523 320 677 357 meritorium»
686 323 720 357 ¹⁹²³.
736 319 767 357 Cf.
782 330 844 363 prop.
859 319 901 364 3-6;
917 320 938 366 8;

115 394 150 431 10:
166 406 204 430 «...
212 394 311 438 corporis
324 394 455 431 resurrectio
466 393 555 437 proprie
567 393 656 430 nonnisi
668 392 751 429 meritis
765 391 845 445 Christi
859 391 939 429 adscri-

115 466 186 503 benda
198 469 229 503 est
237 479 256 504 >>.
266 465 331 509 Prop.
343 466 379 503 11:
394 466 476 510 «Quod
485 466 521 509 pie
533 468 553 503 et
565 465 620 502 iuste
632 465 655 501 in
665 464 707 501 hac
718 464 763 501 vita
775 464 861 501 mortali
872 474 939 508 usque

116 539 138 574 in
150 538 214 576 finem
226 539 283 575 vitae
294 539 417 575 conversati
428 538 495 575 vitam
507 537 660 582 consequimur
672 540 788 580 aeternam,
801 536 824 573 id
837 547 880 573 non
891 547 940 580 pro-

115 611 163 654 prie
178 611 259 654 gratiae
275 611 322 654 Dei,
338 611 376 648 sed
392 610 527 648 ordinationi
544 610 637 647 naturali
655 609 727 647 statim
742 609 806 646 initio
824 608 940 646 creationis

115 684 244 721 constitutae
259 684 315 720 iusto
329 684 369 720 Dei
384 684 466 720 iudicio
483 683 629 726 deputandum
645 685 687 719 est:
704 693 773 726 neque
787 681 809 717 in
824 681 866 718 hac
881 682 940 718 retri-

115 755 203 793 butione
215 756 322 793 bonorum
335 756 363 792 ad
374 755 454 794 Christi
466 755 566 792 meritum
579 754 702 799 respicitur,
715 754 753 791 sed
764 756 847 790 tantum
859 753 886 790 ad
898 753 941 797 pri-

117 838 172 864 mam
182 828 340 865 institutionem
351 828 436 871 generis
447 827 543 871 humani,
554 828 577 863 tn
589 838 631 871 qua
640 827 685 870 lege
697 826 790 863 naturali
801 825 941 863 constitutum

117 904 154 944 est,
163 903 186 936 ut
196 900 253 937 iusto
263 901 303 937 Dei
315 900 397 937 iudicio
407 900 543 937 obedientiae
554 900 705 936 mandatorum
716 900 760 935 vita
770 901 857 935 aeterna
867 898 942 935 redda-

117 976 151 1009 tur
159 986 177 1009 ›>.
185 996 212 999 —
221 972 256 1009 12:
270 972 369 1016 «Pelagii
380 972 485 1009 sententia
496 975 537 1009 est:
550 983 604 1015 opus
614 972 702 1015 bonum,
712 972 766 1008 citra
776 970 867 1014 gratiam
878 970 942 1014 adop-

117 1046 183 1082 tionis
197 1046 284 1088 iactum,
298 1056 342 1082 non
357 1049 388 1082 est
401 1045 461 1087 regni
475 1044 573 1081 caelestis
586 1044 721 1081 meritorium
731 1057 748 1080 ».
760 1066 787 1070 —
800 1043 836 1080 13:
853 1042 942 1086 «Opera

117 1117 180 1161 bona,
193 1128 205 1154 a
215 1116 267 1153 filiis
279 1116 404 1160 adoptionis
415 1116 478 1161 facta,
490 1126 534 1153 non
547 1115 658 1159 accipiunt
670 1116 777 1152 rationem
789 1114 861 1152 meriti
873 1125 941 1158 exeo,

118 1189 176 1233 quod
194 1188 248 1225 fiunt
266 1199 306 1232 per
325 1176 425 1231 spiritum
443 1188 568 1231 adoptionis
587 1187 744 1224 inhahitantem
765 1186 831 1224 corda
848 1186 941 1223 filiorum

118 1260 164 1304 Dei,
179 1261 217 1297 sed
231 1263 315 1297 tanturn
330 1271 355 1297 ex
369 1271 400 1303 eo,
415 1260 473 1304 quod
488 1263 537 1296 sunt
550 1259 674 1296 conformia
686 1259 735 1303 legi,
749 1259 849 1303 quodque
865 1269 904 1302 per
918 1268 942 1295 ea

119 1335 240 1375 praestatur
254 1332 379 1369 obedientia
392 1332 434 1375 legi
443 1345 461 1369 ».
475 1331 558 1368 Similia
573 1331 595 1367 in
610 1342 672 1375 prop.
688 1331 719 1375 14,
734 1331 765 1368 15.
778 1353 807 1358 -
821 1331 856 1367 17:
873 1329 942 1368 «Sen-

119 1404 175 1441 tiunt
186 1415 235 1441 cum
246 1403 339 1448 Pelagio,
350 1404 388 1448 qui
400 1404 481 1447 dicunt,
494 1414 539 1440 esse
550 1403 696 1441 necessarium
707 1403 735 1440 ad
746 1403 852 1440 rationem
864 1403 942 1444 meriti,

119 1479 142 1513 ut
156 1476 221 1514 homo
235 1487 275 1520 per
289 1476 381 1520 gratiam
397 1476 521 1519 adoptionis
537 1475 664 1512 sublimetur
679 1475 706 1512 ad
722 1478 799 1512 statum
817 1474 916 1512 deificum
924 1487 942 1511 a.

118 1548 190 1585 -18:
206 1561 216 1584 ‹<
226 1548 296 1591 Opera
308 1548 518 1591 catechumenorum,
532 1551 554 1584 ut
564 1547 617 1584 fides
629 1551 650 1584 et
661 1547 795 1591 poenitentia
808 1550 857 1584 ante
869 1548 942 1583 remis-

120 1621 203 1657 sionem
215 1623 354 1664 peccatorum
368 1620 431 1662 tacta,
446 1623 495 1656 sunt
509 1620 565 1656 vitae
580 1623 679 1656 aeternae
693 1619 780 1656 merita:
798 1629 862 1663 quam
876 1619 942 1655 vitam

119 1692 162 1735 ipsi
175 1702 219 1729 non
232 1695 398 1736 consequentur,
412 1691 454 1727 nisi
470 1691 529 1735 prius
544 1691 720 1734 praecedentium
734 1691 862 1728 delictorum
877 1691 943 1733 impe-

120 1764 215 1800 dimenta
231 1763 334 1800 tollantur
342 1776 359 1800 s.

456 1980 475 2017 S.
490 1980 609 2017 Scnreruna

173 2125 192 2162 S.
211 2124 322 2168 Scriptura
340 2136 387 2161 eam
407 2124 498 2161 affirmat
516 2125 573 2161 inter
590 2135 657 2168 opera
674 2125 779 2160 iustorum
799 2124 905 2160 viatorum
925 2126 944 2159 et

120 2197 186 2233 vitam
202 2199 310 2234 aeternam
327 2196 461 2240 relationem,
478 2206 532 2240 quae
550 2199 581 2233 est
597 2196 654 2233 inter
671 2207 725 2239 opus
742 2206 792 2232 vere
808 2196 943 2233 meritorium

120 2272 140 2306 et
153 2268 198 2306 eius
209 2269 336 2313 praemium.
346 2269 414 2307 Vocat
426 2269 484 2306 enim
497 2271 605 2306 aeternam
617 2269 684 2305 vitam
696 2268 825 2312 mercedem,
837 2268 943 2310 bravium,

121 2337 233 2387 coronam;
247 2342 291 2379 vita
304 2345 391 2379 aeterna
405 2346 436 2379 est
448 2342 599 2386 remuneratio,
614 2341 737 2386 retributi03
753 2342 815 2378 datur
827 2352 867 2384 pro
880 2340 944 2378 bonis

120 2414 222 2457 operibus
234 2417 254 2451 et
267 2415 385 2451 secundum
398 2424 521 2451 mensuram
534 2425 633 2458 operum3
647 2414 710 2450 datur
723 2424 734 2450 a
746 2413 802 2450 iusto
814 2413 893 2450 iudice.
906 2413 944 2449 Ac-

93 2526 95 2530 ,
121 2486 214 2528 ceptatio
228 2489 298 2522 autem
311 2486 350 2522 Dei
363 2486 386 2521 in
400 2497 425 2523 eo
438 2485 567 2528 continetur,
579 2486 636 2529 quod
651 2486 707 2522 Dens
721 2485 786 2521 vitam
800 2488 909 2521 aeternam
921 2487 943 2521 ut

121 2557 242 2594 mercedem
257 2560 296 2595 etc.
308 2569 347 2600 pro
361 2558 425 2594 bonis
438 2557 541 2600 operibus
554 2557 685 2599 promiserit.

170 2728 194 2749 1¹¹3
208 2725 260 2757 Denz
274 2726 324 2757 1002.
