1952 3093
460 46 540 84 -a1o
554 68 581 73 —

104 166 170 204 motio
188 168 274 210 recepta
289 166 312 202 in
330 166 437 208 facultate,
454 166 540 203 videtur
555 166 597 202 iam
615 177 660 202 esse
677 165 724 208 ipse
742 168 801 202 actus
819 165 927 202 facultatis

105 242 125 276 et
139 248 182 275 non
197 237 279 282 aliquid
292 238 364 281 ipsum
379 239 508 275 antecedens
524 242 543 275 et
558 247 658 289 causans;
672 248 722 273 nam
738 238 856 274 secundum
869 237 928 280 prin-

104 312 196 354 cipium:
221 313 280 348 actus
302 311 408 347 moventis
428 311 449 346 iu
470 311 545 347 mobili
565 313 596 347 est
615 310 662 353 ipse
683 314 753 347 motus
774 309 868 352 mobilis,
882 310 929 353 ipsa

104 382 171 420 motio
190 385 276 426 recepta
291 386 325 419 est
343 385 419 426 motus,
438 387 509 419 motus
527 386 597 419 autem
616 382 724 419 facultatis
741 381 814 419 uitalis
831 384 865 419 ,est
881 382 928 425 ipse

106 457 165 492 actus
180 455 258 491 vitalis.
274 454 296 491 Si
311 458 381 491 autem
397 455 477 492 dicitur
491 465 534 491 non
551 465 596 491 esse
611 458 687 497 motus,
703 454 790 490 videtur
804 453 928 497 concipien-

106 527 156 564 dum
172 527 199 564 ad
215 526 302 563 modum
319 526 410 564 alicuius
426 526 522 571 hahitus3
540 527 577 563 sed
591 526 764 563 hahitusfluens
781 529 836 562 esset
851 526 928 562 iterum

105 609 139 635 res
153 599 215 635 valde
229 598 337 635 difficilis.
352 598 450 635 Fortasse
465 609 498 635 res
512 598 602 642 cogitari
616 601 689 641 posset
703 598 730 634 ad
745 597 864 640 analogiam
879 608 929 633 eon-

106 681 180 707 cursus
197 669 274 707 oblati:
294 670 358 707 sicuti
374 674 433 707 actus
451 670 564 712 secundus
581 670 709 713 inquantum
726 680 738 705 a
753 670 797 706 Deo
816 670 929 712 dependet,

105 745 137 778 est
150 753 268 779 concursus
282 742 321 778 Dei
338 743 428 780 collatus
443 741 579 778 terminative
595 744 710 784 spectatus,
725 741 755 777 ita
771 744 830 778 actus
845 741 929 783 primus

108 814 244 857 (proximus),
260 813 283 849 in
299 817 402 857 quantum
419 825 430 850 a
444 814 488 850 Deo
505 813 618 857 dependet,
636 817 667 850 est
682 823 800 851 concursus
816 812 855 850 Dei
872 812 929 850 obla-

106 889 139 922 tus
152 885 289 922 terminative
304 888 421 930 spectatus;
437 889 509 928 posset
523 894 572 928 ergo
586 886 677 922 fortasse
692 885 758 921 simil-i
773 885 837 922 modo
852 885 881 921 ita
896 895 929 921 res

107 957 200 1000 concipi,
213 961 237 994 ut
250 957 347 1000 operatio
361 957 400 994 Dei
414 958 436 993 in
450 961 497 994 actu
510 958 581 1000 primo
596 957 711 1000 facultatis,
726 956 832 994 excedens
845 957 930 1000 exigen-

106 1029 146 1066 tias
161 1032 272 1066 creaturae
287 1033 307 1066 et
319 1030 389 1072 ipsam
404 1029 526 1066 facul-tatem
542 1029 634 1071 elevans,
648 1028 746 1072 praecise
761 1029 789 1065 sit
802 1028 857 1065 illud
872 1028 929 1072 quod

106 1104 195 1138 vocatur
208 1101 328 1144 praemotio
341 1101 439 1144 physica.
454 1100 495 1137 Sed
509 1101 673 1138 concedendum
688 1105 719 1138 est
731 1111 818 1137 manere
831 1110 929 1143 magnam

107 1173 165 1209 illam
181 1172 335 1216 differentiam,
352 1173 377 1210 de
390 1183 431 1216 qua
444 1173 507 1209 initio
523 1174 565 1209 iam
581 1183 650 1210 sermo
666 1176 716 1215 erat,
731 1172 789 1216 quod
805 1173 841 1208 scl.
857 1176 930 1215 agatur

107 1246 132 1282 de
149 1245 344 1283 comnmnicatione
361 1246 411 1281 novi
427 1245 518 1282 alicuius
534 1256 603 1288 posse,
620 1249 639 1281 et
655 1255 766 1281 recurrere
781 1248 854 1288 posset
869 1255 931 1288 quae-

107 1318 153 1359 stio,
171 1318 274 1361 quidnam
292 1318 313 1353 in
332 1322 379 1353 ticin
396 1319 466 1360 primo
483 1318 511 1354 sit
528 1317 639 1360 speciatim
657 1317 717 1360 illud,
734 1328 776 1360 quo
793 1316 834 1353 hoe
851 1327 931 1353 novum

108 1399 170 1431 posse
184 1388 281 1425 habetur.

159 1466 191 1502 Ex
205 1466 301 1503 fontibus
314 1467 442 1510 theologicis
455 1467 509 1503 haec
524 1466 629 1503 sententia
643 1466 733 1509 probari
746 1477 790 1503 non
804 1469 881 1509 potest.
895 1466 931 1502 Di-

108 1539 163 1575 citur
180 1538 267 1582 quidem
284 1539 340 1574 Deus
357 1539 424 1582 gratia
441 1538 540 1575 homines
557 1549 641 1581 vocare,
658 1538 750 1582 trahere,
769 1538 869 1583 excitare,
885 1537 931 1581 pul-

108 1620 155 1646 sare
168 1614 187 1647 et
198 1609 287 1654 similia;
301 1610 339 1646 sed
351 1610 442 1652 vocatio,
454 1610 531 1646 tractio
543 1613 581 1646 etc.
595 1620 637 1646 non
651 1614 700 1647 sunt
712 1610 737 1647 ab
751 1621 775 1647 eo
787 1609 824 1653 qui
836 1613 931 1651 vocatur,

107 1681 201 1718 trahitur
214 1684 263 1726 etc.;
278 1691 328 1725 ergo
342 1685 391 1719 sunt
401 1681 487 1725 aliquid
500 1685 570 1719 actum
585 1683 671 1719 vitalem
686 1682 822 1719 antecedens.
836 1681 931 1725 Respon-

109 1753 202 1790 deudum
219 1757 290 1791 tamen
309 1756 340 1789 est
357 1753 430 1791 Patres
450 1753 521 1791 dicere
539 1754 607 1791 Deum
625 1764 702 1791 vocare
721 1764 760 1797 per
778 1753 930 1797 cognitionem,

109 1825 216 1869 docendo,
236 1835 286 1868 ergo
305 1836 344 1868 per
360 1825 420 1868 ipsos
438 1828 498 1862 actus
516 1825 671 1863 indeliberatos
691 1829 710 1862 et
728 1835 772 1862 non
790 1836 831 1868 per
847 1825 931 1870 aliquid

108 1898 156 1934 ilios
174 1897 312 1940 antecedens,
331 1898 358 1934 ad
374 1898 427 1933 tales
443 1900 513 1935 aufem
531 1901 589 1934 actus
607 1897 710 1934 facillime
728 1897 850 1941 applicatur
867 1900 931 1934 meta-

108 1969 199 2011 phorica
211 1968 292 2006 locutio
306 1969 331 2006 de
344 1970 458 2006 vocatione
471 1972 510 2006 etc.
524 1969 562 2005 His
575 1969 632 2006 enim
645 1969 728 2007 actibus
741 1969 798 2007 Deus
811 1980 851 2006 nos
863 1972 931 2012 vocat,

108 2040 174 2077 trahit
192 2041 219 2077 ad
238 2041 351 2084 ponendos
368 2044 428 2078 actus
446 2040 575 2078 deliberatos
595 2042 704 2079 salutares
724 2040 745 2078 Si
765 2041 845 2078 dicitur
863 2041 931 2085 gratia

108 2114 139 2149 est
149 2112 171 2148 in
183 2113 246 2154 nobis
256 2113 302 2149 sine
312 2113 384 2157 nohis3
398 2122 447 2156 ergo
459 2116 490 2150 est
500 2112 582 2161 aliquid
594 2116 664 2150 actum
676 2113 785 2151 facultatis
795 2113 931 2155 antecedens,

108 2184 261 2227 respondetur:
278 2188 309 2222 est
322 2185 345 2220 in
359 2185 422 2221 nobis
436 2184 483 2221 sine
496 2185 559 2222 nohis
571 2185 639 2223 libere
654 2185 788 2228 eligentibus,
803 2196 871 2228 conc,
885 2185 931 2222 sine

108 2256 171 2293 nohis
183 2256 277 2293 vitaliter
288 2256 419 2301 operatihus,
430 2266 490 2300 nego.
503 2256 528 2293 Et
541 2257 559 2294 si
569 2257 656 2294 tandem
670 2257 756 2302 dicitur,
769 2260 828 2294 actus
840 2261 931 2299 nostroe,

109 2338 157 2365 cum
171 2330 214 2365 sint
227 2328 318 2366 eftectus
330 2329 417 2372 gratiae,
430 2338 473 2365 non
486 2339 549 2371 posse
563 2340 608 2367 esse
622 2328 692 2372 ipsam
705 2329 802 2373 gratiam,
816 2329 932 2372 responde-

108 2407 152 2437 mr:
173 2404 233 2438 actus
251 2401 354 2438 salutares
374 2401 487 2438 deliberati
506 2404 555 2438 sunt
575 2401 663 2439 effectus
684 2401 771 2445 gratiae,
790 2402 827 2438 sel.
847 2404 932 2439 actuum

108 2472 310 2517 indeliberatorum;
329 2476 389 2526 actus
404 2483 455 2510 vero
473 2472 611 2510 indeliberati
630 2474 731 2510 dicuntur
747 2473 822 2516 gratia,
838 2474 888 2517 quia
907 2485 931 2509 ex

109 2544 199 2602 speciali
215 2544 311 2582 bonitate
328 2545 367 2581 Dei
385 2547 405 2581 et
420 2545 485 2582 modo
502 2544 590 2582 omnino
606 2545 704 2582 indebito
720 2556 732 2582 a
748 2545 793 2582 Deo
811 2548 932 2582 causantur.

108 2616 163 2659 Ergo
177 2616 276 2660 probatio
287 2616 352 2654 huius
364 2617 483 2654 sententiae
496 2628 521 2653 ex
534 2617 629 2654 fontibus
643 2628 686 2655 non
698 2617 799 2662 hebetum
812 2617 851 2655 sed
863 2628 932 2662 neque

108 2688 150 2725 hoc
166 2687 192 2726 ab
207 2688 308 2727 omnihus
326 2688 477 2726 defensoribus
495 2689 626 2733 affirmatum
644 2692 732 2727 censent
750 2690 831 2734 saltem,
849 2692 932 2727 senten-
