1952 3093
475 96 584 135 „94-

119 221 146 249 ne
160 222 172 249 a
185 212 230 249 Deo
244 212 331 249 infundi
346 212 369 249 in
384 212 478 250 animam
491 214 613 257 peccatoris
627 214 729 252 accidens
741 215 864 259 physicum,
878 218 944 261 quali-

117 287 188 328 tatem,
201 295 255 330 quae
268 295 317 322 curn
328 285 439 323 hominem
451 289 589 330 peccatorem
603 291 701 325 sanctum
714 287 787 332 iaciat,
798 288 868 333 gratia
881 299 941 327 sanc-

117 356 202 396 tificans
212 360 308 402 vocatur,
320 362 341 396 et
354 369 403 396 cum
416 360 553 403 concipiatur
566 371 611 397 esse
626 360 653 398 ad
666 361 754 398 modum
766 361 859 406 habitus,
873 364 942 406 gratia

120 442 204 476 quoque
217 432 334 469 habitualis
349 432 435 470 dicitur.

172 504 212 541 Mo
221 505 269 540 rin
276 515 290 541 u
299 516 321 548 s,
340 505 443 543 historice
456 506 568 549 inquirens
580 507 603 542 111
614 507 686 543 varias
693 507 815 544 sententias
828 508 854 545 de
865 508 945 546 ettectu

117 575 259 613 absolutionis
271 577 440 621 sacramentalis,
454 577 507 614 dicit
520 578 546 615 de
558 588 582 615 ea
595 579 707 623 sententia,
720 591 731 615 «
740 590 794 623 quae
806 579 883 617 tribuit
898 580 941 622 (ah-

120 648 230 690 solutioni)
241 649 323 692 gratiae
334 649 451 686 habitualis
464 650 596 687 infusionem
608 651 705 687 omnium
717 654 749 687 est
760 651 890 688 novissima:
904 651 944 689 Vix

116 719 175 758 enim
189 723 238 758 ante
253 730 334 758 annum
350 720 489 758 millesimum
506 722 677 760 ducentesimum
693 723 719 760 de
735 722 845 761 habitibus
860 724 941 767 gratiae

120 798 220 837 coeptum
235 796 304 832 estin
319 795 403 833 Scholis
419 795 532 839 disputari.
547 795 598 833 Ideo
614 796 814 841 antiquissimorum
830 796 945 835 Scholasti-

120 878 201 912 corum,
215 869 286 905 nullus
301 879 341 906 nec
354 879 403 905 cum
418 869 443 906 de
458 868 536 906 effectu
550 868 699 914 Contritionis,
713 880 753 907 nec
768 881 817 907 eum
833 870 944 908 11083013-

119 944 241 978 mentorum
258 941 337 979 virtute
355 942 471 986 disputant,
489 941 602 979 habituum
619 943 742 980 iniusorum
759 943 838 980 diserte
855 943 944 980 mentio-

120 1023 169 1050 nem
185 1013 290 1051 13011146.
308 1014 455 1051 «Scholastici
473 1013 604 1057 disputando
622 1018 705 1051 tantum
723 1016 815 1052 assecuti
833 1019 882 1052 sunt
899 1025 944 1059 gra-

119 1086 172 1122 tiam
184 1097 226 1129 qua
237 1089 339 1129 peccator
352 1086 480 1122 iustihcatur
492 1086 591 1123 habitum
604 1098 649 1123 esse
662 1098 674 1123 a
687 1087 731 1124 Deo
745 1088 829 1124 animae
841 1087 944 1124 infusum.

119 1158 180 1195 Multi
193 1158 292 1195 doctores
305 1161 381 1195 contra
391 1159 431 1194 hos
442 1158 528 1194 habitus
542 1159 692 1202 reclamarunt,
707 1159 785 1202 diuque
798 1170 865 1203 aequo
878 1159 944 1196 Marte

120 1234 247 1277 pugnatum3
262 1231 300 1269 sed
311 1232 399 1268 tandem
413 1231 471 1268 circa
485 1241 565 1268 annum
579 1231 630 1269 1240
646 1231 753 1269 deferbuit
765 1234 809 1269 tota
821 1232 858 1269 illa
873 1232 944 1276 dispu-

117 1304 176 1349 tatio,
188 1314 305 1348 omnesque
315 1304 419 1341 Doctores
430 1304 453 1340 in
465 1303 578 1341 habituum
590 1304 721 1347 positionem
733 1308 895 1341 consenserunt.
907 1304 941 1341 In-

120 1380 178 1415 terea
194 1378 255 1415 multi
270 1377 384 1422 magnique
400 1377 443 1413 viri
459 1388 550 1421 quorum
566 1377 649 1421 aliquos
664 1377 735 1421 capite
752 1378 762 1413 7
780 1378 904 1421 referemus,
921 1378 943 1413 in

119 1450 178 1487 hunc
191 1461 259 1493 usque
274 1450 331 1487 diem
348 1450 511 1493 contenderunt,
527 1450 579 1486 licet
595 1461 670 1492 reapse
686 1449 810 1487 iustificaiio
826 1450 889 1493 impii
906 1460 944 1493 per

119 1523 218 1559 habitum
231 1522 327 1559 infusum
340 1522 409 1565 tieret,
424 1522 470 1559 sine
484 1522 521 1559 1110
535 1526 606 1558 tamen
619 1521 666 1558 fieri
680 1532 744 1564 posse
757 1509 796 1565 per
811 1524 870 1558 actus
885 1532 897 1557 a
909 1532 944 1558 vo-

119 1595 200 1631 luntate
211 1605 260 1630 cum
272 1594 352 1631 auxilio
365 1594 458 1636 Spiritus
469 1594 488 1630 S.
500 1593 546 1630 sine
558 1604 614 1630 novo
625 1593 701 1630 habitu
713 1593 796 1630 elicitos
805 1606 815 1629 »
824 1597 849 1631 4⁷.
860 1593 944 1629 Deinde

120 1677 167 1710 cap.
184 1667 194 1703 7
212 1666 239 1704 ob
254 1667 328 1704 oculos
343 1665 440 1703 Lectoris
455 1666 517 1708 ponit
535 1678 545 1701 «
555 1665 744 1702 celeberrimorum
761 1664 944 1702 scholasticorum

120 1740 142 1777 in
153 1740 195 1777 hac
206 1751 270 1777 causa
280 1739 409 1777 sententiam
420 1739 455 1776 cui
467 1741 512 1776 tuto
524 1739 648 1782 acquiscere
658 1738 764 1782 poterit».
776 1723 878 1775 Auctores
890 1748 943 1781 quos

120 1813 183 1850 affert
194 1816 254 1850 sunt:
266 1812 394 1850 Dominicus
406 1812 462 1854 Soto,
474 1811 578 1849 llelchior
589 1810 653 1855 Cano,
664 1810 840 1848 Bartholomaeus
851 1809 943 1852 Medma,

119 1886 218 1923 Ruardns
229 1886 347 1929 Tapperus
361 1886 453 1922 Ioannes
466 1883 599 1926 Vincentius,
611 1884 704 1921 Thomas
717 1882 859 1926 stapletonus,
871 1882 943 1919 Alben-

119 1960 153 1995 tus
169 1958 264 2001 Pighius,
281 1958 404 1994 Ludovicus
420 1956 506 2000 Molina,
524 1955 609 1993 Gabriel
624 1955 726 1999 vazquez,
743 1955 780 1998 qui
798 1955 873 1991 saltem
890 1953 944 1991 affir-

120 2033 185 2074 mant,
197 2040 243 2067 rem
256 2040 300 2067 non
313 2040 359 2066 esse
374 2029 399 2065 ab
413 2028 510 2065 Ecclesia
523 2027 639 2064 definitam.

172 2102 251 2138 Verum
266 2104 303 2144 est,
317 2112 333 2138 s.
348 2101 482 2144 Scripturam
498 2102 524 2137 de
538 2101 677 2145 qualitatibus
691 2102 725 2138 vel
739 2102 849 2140 habitibus
864 2103 943 2140 infusis

121 2174 222 2218 explicite
237 2185 281 2211 non
296 2174 362 2218 loqui,
378 2184 447 2218 neque
462 2185 489 2211 ss.
503 2173 576 2211 Patres
591 2173 639 2211 illos
655 2174 759 2212 terminos
775 2175 878 2213 adhihere
895 2186 943 2212 curn

121 2248 146 2285 dc
163 2247 315 2285 iustificatione
330 2248 453 2291 loquuntur.
470 2246 598 2284 Scholastici
615 2257 666 2284 vero
683 2248 710 2284 ad
727 2248 783 2285 hanc
799 2259 884 2293 quoque
901 2259 943 2285 ma-

120 2320 196 2357 teriam
207 2320 359 2363 explicandam
368 2322 486 2362 conceptus
497 2319 661 2362 philosophicos
672 2320 845 2365 applicaverunt
853 2320 877 2358 id
885 2319 943 2364 quod

120 2395 216 2435 ternpore
233 2392 320 2428 Patrum
337 2392 359 2427 in
377 2392 424 2427 aliis
443 2391 548 2428 doctrinis
564 2391 607 2427 13111
623 2392 703 2428 tactum
719 2395 765 2429 erat
784 2392 820 2433 (cf.
838 2395 899 2430 tract.
918 2392 943 2428 de

167 2588 185 2610 46
199 2584 306 2617 Comment.
320 2584 369 2617 Hist.
383 2584 406 2617 de
421 2583 527 2623 disciplina
541 2584 562 2616 in
578 2583 750 2616 administratione
764 2584 882 2616 sacramenti
898 2582 944 2614 Poc-

119 2646 234 2679 nitentiae...
249 2645 358 2685 observata,
372 2644 406 2678 lib.
421 2644 437 2685 8,
452 2655 493 2684 cap.
508 2645 524 2683 2,
539 2654 568 2677 nr.
582 2645 613 2683 11;
630 2644 650 2677 in
665 2644 710 2677 edit.
725 2643 824 2677 Bruxellis
840 2643 885 2676 1685
901 2649 943 2681 pag.

122 2706 156 2739 504
170 2717 185 2739 3.

169 2772 186 2793 4⁷
200 2767 232 2800 Nr.
247 2767 278 2805 13;
293 2775 335 2806 pag.
351 2767 391 2800 505.
