1952 3093
490 14 612 52 -162-

138 138 263 181 implorare.
278 136 306 172 Hi
320 139 379 172 actus
395 146 439 172 non
455 135 565 178 pertinent
580 135 608 171 ad
621 135 692 177 ipsam
707 134 848 177 sanationem,
864 135 902 171 sed
918 147 963 174 eam

139 208 275 246 antecedunt.
295 206 406 250 Similiter,
425 208 499 244 saltem
520 206 664 243 communiter
681 205 796 252 loquendo,
817 206 840 241 in
861 217 963 248 processu

138 279 298 317 iustificationis
312 280 408 323 primum
422 279 487 315 homo
502 282 604 321 peccator
618 277 714 320 propriis
730 277 774 314 suis
787 277 871 314 viribus
887 288 963 322 cogno-

138 363 199 389 scere
216 355 236 390 et
253 361 370 395 agnoscere
389 351 452 388 debet
471 362 530 387 suam
547 350 664 393 miseriam,
683 349 807 386 desiderare
826 350 922 394 salutern,
941 352 963 389 in

139 424 248 461 Christum
259 423 347 461 credere
358 424 380 459 in
391 434 457 467 eoque
468 422 576 460 confidere
587 426 607 459 et
617 422 721 458 auxilium
733 422 831 458 divinum
841 422 964 467 implorare,

140 496 202 539 Quod
219 496 237 532 si
254 496 337 539 iecerit,
352 496 409 532 Deus
427 495 600 532 «sanationem»
618 494 716 537 incipiet,
734 494 867 531 conferendo
885 495 964 537 gratias

141 569 241 605 adactus
257 568 360 604 salutares
376 567 516 604 necessarias.
533 567 554 604 Si
571 569 641 603 autem
656 566 721 603 homo
737 566 774 602 illa
788 577 832 604 non
848 566 907 609 iacit,
923 567 964 604 sibi

140 640 183 683 ipsi
196 640 320 677 adscribere
336 640 405 682 dehet,
419 640 476 683 quod
490 650 534 675 non
548 638 629 681 accipit
642 638 742 682 gratiam3
756 638 813 675 Deus
828 639 886 675 enim
900 639 965 675 indit-

140 712 235 749 terenter
250 711 351 749 omnihus
366 712 457 756 gratiam
471 722 532 748 suam
548 710 618 748 offert.
634 710 673 747 Isti
688 713 747 747 actus
763 710 914 748 antecedentes
930 722 964 748 vo-

141 787 217 821 cantur
233 784 339 821 «initium
354 784 434 829 fidei»3
450 784 477 821 ad
491 794 528 820 eos
544 783 663 820 secundum
679 782 858 826 semipelagianos
874 793 918 819 non
934 794 964 820 re-

141 856 235 900 quiritur
247 856 321 901 gratia,
335 860 355 893 et
366 856 392 893 ab
406 856 455 900 illis,
468 856 619 898 communiter,
633 855 746 898 dependet,
759 858 830 891 utrum
842 855 907 892 homo
920 865 965 898 gra-

141 929 193 965 tiam
206 928 321 965 salutarem
335 928 428 972 accipiat
435 932 459 964 ⁶².

189 1005 271 1044 Contra
287 1006 329 1043 hoc
346 1016 396 1050 ergo
413 1006 540 1043 dicendum:
560 1006 624 1042 etiam
641 1005 673 1041 illi
690 1005 756 1048 primi
774 1008 833 1042 actus
850 1016 900 1042 vere
917 1009 965 1041 sunt

141 1081 201 1115 actus
216 1078 326 1123 salutares,
340 1081 421 1115 remote
435 1078 464 1114 ad
476 1077 651 1114 iustificationem
667 1077 813 1121 disponentes,
829 1081 850 1114 et
864 1077 892 1114 ad
905 1077 965 1120 ipsos

141 1161 225 1194 quoque
241 1149 359 1194 requiritur
375 1150 471 1187 absolute
485 1150 572 1186 interna
587 1149 665 1193 gratia3
681 1148 731 1185 aliis
746 1149 829 1186 verbis:
847 1149 901 1185 nulli
917 1153 965 1185 sunt

142 1225 202 1259 actus
215 1222 309 1265 positive
323 1222 449 1259 ordinantes
464 1222 492 1258 ad
507 1222 597 1258 salutem
610 1221 657 1258 sine
671 1221 749 1265 gratia3
765 1230 815 1265 ergo
830 1221 858 1258 ad
872 1221 965 1264 primam

141 1294 239 1337 gratiam,
252 1304 317 1338 quam
331 1294 388 1331 Deus
402 1293 487 1331 homini
501 1293 591 1336 confert,
606 1293 665 1329 nulla
680 1296 712 1329 est
727 1293 848 1335 dispositio.
863 1292 921 1336 Opus
935 1304 965 1329 sa-

141 1365 192 1402 lutis
205 1366 228 1402 in
243 1365 334 1409 singulis
348 1365 473 1403 hominihus
488 1376 499 1401 a
513 1365 557 1402 Deo
572 1365 658 1408 incipit.

189 1532 206 1553 ffl
221 1527 320 1559 «Excludi
335 1531 407 1566 putant
423 1537 501 1560 omnem
516 1527 643 1566 praedicandi
658 1527 750 1565 vigorem,
766 1527 782 1558 si
797 1527 849 1559 nihil
865 1527 917 1566 quod
932 1537 966 1565 per

141 1597 185 1619 eum
196 1588 297 1626 excitetur,
311 1589 331 1620 in
343 1588 459 1620 hominihus
470 1587 588 1620 remansisse
602 1587 683 1619 dicatur.
696 1587 827 1620 Consentiunt
839 1597 918 1620 ornnem
930 1587 965 1620 ho-

141 1649 214 1680 minem
229 1648 248 1679 in
264 1648 325 1679 Adam
339 1649 427 1687 periisse,
439 1658 475 1680 nec
487 1648 532 1680 inde
547 1657 665 1687 quemquam
678 1657 736 1686 posse
749 1648 829 1687 proprio
844 1647 926 1680 arbitrio
941 1648 965 1679 li-

140 1709 214 1747 herari;
229 1709 263 1740 sed
276 1709 296 1740 id
311 1709 429 1741 conveniens
445 1711 536 1740 asserunt
549 1708 635 1747 veritati,
649 1708 680 1740 vel
694 1715 802 1746 congruum
815 1708 965 1747 praedicationi,

141 1771 169 1807 nt,
183 1778 227 1800 cum
241 1770 347 1807 prostratis
362 1771 381 1801 et
393 1778 497 1808 nunqnam
511 1769 553 1801 suis
566 1768 642 1800 viribus
657 1768 774 1800 surrecturis
788 1768 920 1801 annuntiatur
932 1768 966 1801 ob-

142 1829 234 1861 tinendae
251 1829 322 1861 salutis
338 1830 420 1868 occasio,
436 1838 459 1861 eo
475 1829 546 1861 merito
563 1838 601 1868 quo
618 1828 717 1861 voluerint
734 1832 752 1860 et
769 1829 887 1861 crediderint
903 1839 915 1861 a
931 1838 966 1861 suo

143 1890 211 1921 morbo
229 1899 248 1921 sc
266 1899 323 1928 posse
341 1890 414 1928 sanarh
432 1893 450 1921 et
468 1890 531 1928 ipsius
546 1889 590 1920 fidei
608 1892 740 1927 augmentum,
759 1891 777 1921 et
793 1890 855 1922 totius
874 1889 967 1922 sanitatis

144 1959 190 1981 suae
202 1953 349 1988 consequantur
362 1951 458 1982 effectum,
473 1950 576 1982 Caeterum
590 1949 614 1981 ad
627 1949 705 1981 nullum
719 1959 767 1987 opus
782 1950 813 1981 vel
827 1950 967 1988 incipiendum,

142 2011 213 2041 nedum
234 2010 378 2048 perficiorem
399 2019 518 2048 quemquam
537 2010 575 2042 sihi
594 2010 680 2041 sufficere
699 2019 755 2048 posse
774 2011 911 2042 consentiunt:
933 2020 966 2041 ne-

143 2080 179 2108 quc
197 2071 249 2101 enim
266 2070 326 2102 alicui
342 2071 396 2108 operi
413 2070 522 2102 curationis
538 2079 606 2102 eorum
622 2069 793 2102 annumerandum
809 2073 886 2109 putant,
904 2073 966 2102 exter-

144 2131 183 2161 rita
199 2133 217 2161 et
235 2130 319 2168 supplici
335 2131 443 2168 voluntate,
459 2139 620 2169 unumquemque
637 2121 738 2168 aegrotum
755 2129 805 2162 velle
823 2131 895 2163 sanari.
912 2130 967 2169 Quod

144 2190 197 2221 enim
212 2190 293 2221 dicitur:
311 2190 371 2222 Crede
386 2193 406 2222 et
422 2190 489 2222 salvus
505 2190 550 2228 eris,
566 2199 628 2222 unum
644 2189 716 2222 horum
732 2189 783 2227 exigi
801 2193 897 2229 asserunt,
913 2190 967 2223 aliud

144 2250 219 2286 otterrig
235 2251 257 2281 ut
269 2252 349 2288 propter
361 2250 382 2282 id
394 2250 447 2289 quod
460 2250 551 2288 exigitur,
564 2250 581 2282 si
593 2249 694 2282 redditum
706 2249 773 2288 fuerit,
787 2250 807 2282 id
820 2250 873 2289 quod
885 2250 968 2283 offertur

144 2310 234 2348 deinceps
249 2309 355 2342 tribuatur.
372 2310 427 2342 Unde
443 2319 565 2349 consequens
580 2311 657 2348 putant,
674 2309 805 2343 exhihendam
823 2310 847 2343 ah
865 2320 887 2343 eo
904 2310 967 2349 fidem,

144 2370 200 2402 cuius
213 2372 298 2402 naturae
311 2370 332 2402 id
345 2370 448 2403 voluntate
462 2370 575 2403 Conditoris
588 2379 702 2402 concessum
715 2372 753 2408 est;
769 2373 788 2402 et
801 2370 879 2403 nullam
893 2371 923 2403 ita
936 2371 967 2403 de-

144 2432 247 2469 pravatam
257 2430 289 2461 vel
300 2431 419 2463 exstinctam
429 2432 507 2470 putant,
517 2433 539 2463 ut
549 2440 589 2463 non
602 2430 671 2463 debeat
681 2430 713 2463 vel
723 2430 787 2469 possit
799 2441 819 2463 se
829 2431 880 2463 velle
890 2431 966 2468 sanari;

144 2493 224 2529 propter
236 2491 288 2529 quod
299 2491 331 2523 vel
341 2493 422 2524 sanetur
432 2491 477 2530 quis
490 2501 501 2524 a
513 2501 554 2530 sua,
566 2490 597 2523 vel
608 2491 625 2523 si
635 2491 728 2530 noluerit,
740 2500 785 2524 cum
797 2501 834 2524 sua
846 2492 968 2530 aegritudine

144 2552 245 2590 puniatur.
259 2551 296 2583 Nec
309 2552 375 2590 negari
390 2552 480 2591 gratiam
494 2551 511 2584 si
525 2551 639 2590 praecedere
654 2551 731 2584 dicatur
744 2551 792 2585 talis
805 2552 904 2592 voluntas,
918 2561 967 2592 quae

145 2615 223 2644 tantum
239 2612 336 2644 medicum
353 2598 440 2651 quaerat:
455 2622 495 2645 non
513 2615 579 2644 autem
595 2613 639 2650 ipsa
654 2612 763 2651 quidquam
778 2612 818 2645 iam
832 2613 921 2645 valeat».
938 2613 968 2644 lta

145 2672 233 2704 Hilarius
248 2673 363 2711 Augustino,
377 2673 463 2711 epistula
479 2673 521 2710 2263
539 2673 572 2704 ML
587 2673 614 2710 33,
629 2672 684 2710 tun&
699 2672 743 2704 vide
758 2682 817 2712 supra
831 2681 874 2712 pag,
890 2673 918 2705 21.
