1952 3093
407 87 529 127 -363-

50 210 71 248 11
86 209 129 247 hoc
142 208 231 247 homine
245 210 340 247 futuram
355 221 401 248 esse
416 209 533 255 efficacem3
548 210 623 254 eoipso
638 209 697 255 quod
710 209 808 247 absolute
822 208 879 246 hane

49 281 140 327 gratiam
154 282 206 319 dare
220 282 270 327 vult,
282 271 354 326 ipsum
367 293 451 328 quoqne
464 285 535 320 actum
549 284 664 320 salutarem
677 293 726 320 curn
739 282 777 319 illa
789 280 879 319 coniun-

51 358 109 392 ctum
126 354 222 392 absolute
238 355 290 393 vult.
306 355 404 399 Specialc
421 359 491 393 autem
507 359 538 393 est
552 354 688 398 heneficium,
704 354 723 392 si
738 354 795 391 Deus
811 353 880 391 libere

51 429 87 466 dat
98 427 156 465 hano
168 427 266 472 gratiam,
279 439 328 465 curn
340 432 414 471 posset
427 429 491 478 etia-m
505 428 556 465 dare
568 427 665 472 gratiam,
678 438 743 471 quam
754 426 795 464 scit
808 435 880 463 mane·

50 512 73 538 re
85 510 144 538 mere
157 499 305 538 sufficientem.

104 583 130 621 Et
144 595 193 621 cum
206 584 274 622 libere
286 585 343 622 Deus
357 589 493 629 praesentem
507 587 606 624 ordinem
621 591 642 625 et
654 588 735 631 gratias
748 598 803 632 quae
817 588 840 624 in
855 598 880 624 eo

52 659 194 697 conteruntur
209 659 303 703 elegerit,
318 660 365 704 ipse
380 671 465 705 quoque
481 664 519 706 est,
532 661 570 705 qui
585 661 689 699 discrevit
703 662 761 700 inter
775 662 844 700 iustos
859 664 881 698 et

52 745 94 772 non
111 734 186 778 iustos,
202 735 260 772 inter
272 735 445 779 praedestinatos
461 740 481 773 et
495 747 537 773 non
554 736 734 779 praedestinatos.
750 736 820 775 Homo
836 747 880 774 non

52 809 121 846 solum
134 820 199 853 posse
212 809 267 847 hene
280 810 367 852 operari
380 810 425 847 Deo
437 810 532 848 tribuere
548 811 616 855 debet,
631 811 668 849 sed
683 811 747 848 etiam
760 810 831 854 ipsam
844 809 881 847 ho-

52 895 102 921 nam
115 884 271 928 operationem.

106 968 217 1006 Interdum
239 968 325 1013 dicitnr,
347 969 466 1006 secundum
488 970 610 1007 doctrinam
630 971 748 1008 Molinismi
769 981 813 1009 non
835 983 881 1010 esse

53 1044 127 1086 Deum,
141 1043 178 1088 qui
192 1043 303 1081 hominem
318 1044 434 1088 discernat,
450 1044 488 1082 sed
502 1045 614 1083 hominem
628 1045 700 1089 ipsum
714 1057 736 1083 se
750 1046 882 1084 discernere.

54 1118 95 1156 Sed
109 1118 140 1155 ita
155 1118 258 1156 videntur
273 1118 379 1156 confundi
396 1119 450 1156 duae
465 1120 609 1164 quaestiones,
625 1131 679 1165 quae
694 1123 765 1158 tamen
781 1120 836 1159 bene
852 1121 882 1158 di-

54 1193 195 1237 stinguendae
208 1196 264 1231 sunt.
278 1193 325 1230 Alia
340 1197 371 1232 est
385 1194 482 1238 quaestio
498 1195 523 1232 de
538 1197 615 1232 natura
628 1195 737 1233 efficaciae
750 1195 823 1240 operis
836 1206 882 1240 gra·

54 1268 95 1305 tiae
110 1268 210 1313 efficacis,
225 1268 252 1306 de
267 1267 391 1306 differentia
404 1269 462 1306 inter
475 1269 566 1313 gratiam
580 1269 688 1307 efficacem
701 1272 721 1307 et
735 1270 826 1314 gratiam
840 1280 882 1307 me·

54 1354 77 1379 re
94 1342 242 1386 sufficientem,
259 1342 314 1381 sitne
330 1343 384 1380 haee
400 1344 495 1387 petenda
511 1356 537 1381 ex
553 1347 629 1382 natura
643 1344 736 1389 physica
750 1345 821 1389 ipsius
837 1355 883 1389 gra-

56 1417 103 1461 tiae,
112 1399 140 1455 ut
151 1417 268 1455 BanesIani
281 1418 362 1461 volunt,
375 1428 404 1455 an
418 1418 461 1455 alio
473 1419 538 1456 modo
552 1418 691 1463 epocanda3
706 1422 727 1456 et
739 1419 781 1456 alia
793 1419 883 1456 omnino

56 1492 141 1530 diversa
155 1492 252 1537 quaestio
266 1496 297 1530 est
313 1493 339 1530 de
353 1493 469 1531 collatione
483 1493 564 1537 gratiae
579 1494 672 1531 efficacis
685 1505 737 1537 prae
750 1493 881 1531 sufficiente:

55 1578 94 1605 cur
103 1567 140 1604 hic
151 1567 217 1605 homo
229 1567 323 1611 accipiat
335 1568 426 1611 gratiam
438 1568 553 1612 efficacem,
565 1568 602 1605 1118
612 1578 663 1605 vero
674 1568 765 1612 gratiam
778 1567 884 1606 sufficien-

55 1646 104 1684 tem,
118 1653 156 1679 eur
170 1642 207 1680 hie
222 1643 249 1680 sit
264 1642 445 1686 praedestinatus,
458 1643 494 1680 1118
509 1652 553 1680 non
568 1643 756 1687 praedestinatus?
771 1642 812 1686 Qui
828 1642 885 1679 dice-

56 1720 87 1753 ret
100 1716 223 1761 praevisum
237 1727 367 1755 consensum
380 1717 477 1755 hominis
491 1728 536 1755 esse
549 1717 655 1755 rationem
669 1728 707 1754 cur
719 1717 777 1754 Deus
789 1716 822 1754 illi
834 1727 884 1755 con-

56 1789 122 1827 ferret
137 1790 227 1833 gratiam
243 1789 351 1827 efficacem
366 1800 418 1833 prae
433 1801 492 1827 mere
508 1789 633 1832 sufficiente,
647 1790 680 1826 vel
695 1800 734 1826 cur
746 1790 804 1827 Deus
818 1790 884 1827 istum

56 1861 245 1905 praedestinasset,
264 1862 325 1898 illum
345 1872 396 1899 vero
416 1872 466 1906 non,
486 1862 523 1899 ille
542 1862 624 1901 diceret
642 1856 753 1899 hominem
772 1873 794 1898 se
812 1861 885 1905 ipsum

58 1933 188 1972 discernere.
205 1933 246 1971 Sed
261 1933 303 1971 hoc
318 1933 454 1971 Molinismns
470 1933 572 1977 explicite
589 1937 657 1978 negat,
674 1936 697 1970 ut
712 1934 770 1971 clare
786 1937 845 1977 patet
859 1944 885 1970 ex

57 2005 129 2043 verbis
143 2005 236 2043 Molinae
250 2016 315 2049 supra
332 2005 412 2043 relatis.
428 2005 550 2043 Secundum
566 2004 713 2042 ltlolinismum
728 2005 786 2042 Deus
802 2005 885 2049 estqui

59 2077 169 2115 discernit.

107 2160 150 2199 Cur
162 2163 233 2199 autem
246 2161 303 2199 Deus
316 2161 414 2205 praecise
426 2161 485 2198 hunc
499 2161 599 2199 ordinem
613 2161 707 2205 elegerit,
720 2161 743 2197 in
757 2172 799 2205 quo
814 2161 837 2198 hi
849 2162 886 2199 ho·

58 2234 127 2271 mines
144 2234 284 2271 salvabuntur
301 2236 322 2271 et
339 2244 383 2271 non
401 2234 474 2276 alium,
490 2234 555 2277 plane
572 2234 704 2277 ignoramus,
720 2236 743 2270 ut
760 2244 825 2277 supra
843 2234 886 2271 iam

59 2306 140 2344 dictum
155 2310 192 2350 est,
206 2306 257 2351 quia
269 2306 326 2343 Deus
339 2306 382 2343 hoc
394 2305 458 2343 nobis
470 2316 513 2342 non
528 2304 642 2343 revelavit:
659 2306 787 2348 mysterium
802 2297 886 2343 electio·

58 2377 92 2415 nis
108 2382 129 2416 et
142 2377 328 2422 praedilectionis.
342 2377 362 2416 S.
377 2377 519 2422 Augustinus:
537 2376 588 2414 «Ex
604 2377 687 2414 duobus
702 2377 775 2422 itaque
790 2378 887 2422 parvulis

59 2443 158 2494 originali
175 2452 265 2498 peccato
281 2450 364 2494 pariter
380 2449 497 2492 obstrictis,
515 2460 553 2487 cur
569 2450 609 2487 iste
627 2452 754 2493 assumatur,
770 2450 806 2487 ille
823 2449 887 2487 relin-

59 2526 145 2567 quatum
162 2526 222 2561 etex
236 2522 319 2560 duobus
333 2524 400 2559 aetate
414 2522 458 2559 iam
470 2521 589 2566 grandibus
604 2521 686 2566 impiis,
701 2532 740 2559 cur
753 2522 794 2559 iste
808 2522 838 2559 ita
852 2533 888 2559 vo-

60 2597 119 2632 cetur
131 2598 154 2632 ut
167 2597 280 2632 vocantem
292 2597 399 2639 sequatur,
412 2594 449 2631 ille
462 2596 532 2631 autem
546 2597 582 2631 aut
593 2604 636 2630 non
649 2596 739 2631 vocetur
752 2597 845 2632 autnon
858 2594 887 2631 ita

59 2670 157 2713 nocetum
172 2666 324 2705 inscrutabilia
336 2670 386 2704 sunt
399 2665 482 2703 iudicia
495 2665 542 2703 Dei.
555 2665 587 2702 Ex
603 2665 686 2703 duobus
701 2668 772 2704 autem
784 2665 835 2711 piis,
850 2677 889 2704 cur

59 2737 111 2776 huic
128 2740 220 2777 donetur
235 2738 397 2783 perseverantia
414 2749 482 2783 usque
499 2738 522 2774 in
539 2737 611 2784 finem,
628 2738 661 2775 illi
678 2748 723 2776 non
742 2738 841 2781 donetur,
856 2738 888 2775 11-
