1952 3093
394 47 423 53 -
436 24 464 63 qq.
475 48 504 53 -

38 148 62 186 N.
75 145 99 183 T.
110 145 157 183 Hoc
169 148 241 183 tamen
255 147 390 207 sensuapud
401 147 506 190 profanos
519 156 563 183 non
577 146 679 191 occurrit,
693 147 717 184 id
730 148 789 191 quod
803 146 867 184 facile

39 218 175 264 intelligitur;
190 218 318 257 naturaliter
334 219 391 256 enirn
407 219 472 256 homo
489 220 580 256 alterum
594 230 638 257 non
653 222 724 263 potest
740 220 821 257 iustum
838 220 867 256 ta-

39 303 92 331 cere.
103 291 204 329 Proianis
216 301 266 336 ergo
279 296 311 329 est
323 291 440 329 iustificare
453 292 524 336 dignis
538 292 571 329 vel
584 293 661 336 poenis
675 294 708 330 vel
720 292 825 337 praemiis
837 292 867 329 ai-

38 367 106 408 sscere‚
121 364 199 408 punire
214 365 248 402 vel
262 365 406 409 remunerari;
421 368 533 408 praeterea
548 366 631 410 aliquid
646 366 726 403 iustum
742 365 866 403 existimare

39 438 70 476 vel
86 438 194 483 iudicarc3
212 438 270 482 apud
285 438 333 475 LXX
350 439 451 482 frequens
461 427 500 475 ¹est
516 449 567 475 usus
585 438 678 475 lorensis
694 449 733 482 pro
751 441 806 483 actu,
824 448 866 482 quo

39 510 103 548 iudex
117 508 210 554 aliquem
225 509 324 547 criminis
338 510 437 552 absolvit,
452 511 533 547 iustum
548 511 648 554 declarat,
664 511 697 548 vel
713 511 814 556 declarat,
831 510 866 548 cui

39 583 95 629 parti
111 583 144 620 ius
159 583 237 620 faveat.

89 654 159 693 Verba
176 655 243 693 thesis
262 667 288 693 ex
305 665 356 693 sess.
373 655 391 693 o.
409 666 456 699 cap.
474 656 492 692 7.
510 656 600 693 concilii
617 656 732 693 tridentini
751 656 863 699 desumpta

39 731 93 767 sunt.
103 728 223 766 Novatores
235 729 292 766 enim
302 740 358 766 saec.
369 729 401 766 16.
411 739 498 766 sensum
509 728 641 766 catholicum
652 728 812 766 iustificationis
823 740 867 766 om-

39 802 90 839 nino
102 805 224 839 everterunt
233 806 247 838 ².
259 801 382 839 Secundum
394 802 453 844 ipsos
465 802 487 838 in
499 795 652 839 iustificatione
666 801 796 845 (perfidem)
807 800 867 838 iusti-

40 876 67 912 tia
79 873 160 911 Ch'risti
170 873 194 911 fit
206 874 289 911 iustitia
301 878 384 918 nostra;
399 874 463 911 sicuti
476 876 589 917 peccatum
603 873 708 918 originale
722 873 817 911 alienum
830 883 866 910 no-

39 949 72 985 bis
84 950 121 990 est,
134 947 164 984 ita
175 947 239 985 etiam
251 947 334 984 iustitia
344 958 386 991 qua
399 946 551 984 iustificamur:
567 946 648 984 Christi
658 946 741 983 iustitia
754 946 817 983 nobis
828 946 867 982 irn-

40 1023 131 1064 putatur.
147 1019 220 1064 Neque
235 1022 348 1063 peccatum
365 1030 414 1057 vere
431 1023 450 1056 et
466 1019 562 1063 perfecte
578 1019 600 1055 in
616 1019 658 1056 hac
674 1018 827 1056 iustificatione
843 1019 866 1054 in

39 1092 101 1129 nobis
116 1093 205 1136 deletur,
219 1093 257 1129 sed
271 1093 349 1129 transit
362 1095 428 1136 reatu,
441 1095 513 1129 manet
527 1095 581 1135 actu,
596 1092 620 1129 id
633 1095 670 1135 est,
685 1091 784 1136 quamvis
799 1091 866 1127 simus

40 1176 88 1202 vere
104 1168 230 1208 peccatores
249 1168 269 1202 et
286 1168 399 1208 peccatum
418 1168 467 1202 actu
485 1165 508 1201 in
527 1164 590 1212 nobis
609 1166 701 1208 maneat,
720 1167 791 1201 tamen
810 1164 866 1200 Deus

40 1239 84 1275 vult
99 1238 272 1275 misericorditer
287 1237 351 1275 nohis
367 1237 489 1282 indulgere3
506 1238 539 1274 vis
555 1236 646 1282 peccati,
663 1228 717 1281 quae
735 1239 766 1281 est
781 1246 867 1273 accusa-

40 1321 68 1354 re,
86 1309 194 1353 damnare,
213 1310 281 1347 Deum
299 1310 378 1346 iratum
396 1309 488 1352 obicere,
508 1309 599 1353 tollitur;
618 1309 667 1345 aliis
685 1309 768 1346 verbis:
789 1319 865 1352 pecca-

40 1386 83 1419 tum
100 1385 178 1427 manet,
195 1383 233 1420 sed
250 1393 293 1420 non
311 1382 403 1425 amplius
420 1383 549 1425 imputatur:
568 1392 641 1419 coram
658 1382 702 1418 Deo
718 1381 781 1418 Patre
797 1381 866 1417 sancti

41 1458 60 1492 et
71 1455 123 1492 iusti
135 1458 267 1499 reputamur.
279 1455 312 1492 Ad
324 1456 381 1491 hanc
393 1454 569 1491 iustificationem
582 1465 625 1490 non
639 1452 739 1497 pertinet,
752 1454 790 1490 sed
804 1453 829 1490 ab
843 1464 866 1489 ea

41 1527 180 1571 distinguitur
196 1528 337 1571 regeneratio,
351 1526 475 1571 vivificatio,
491 1527 602 1564 renovatio
617 1527 722 1570 hominis;
738 1526 793 1562 haec
807 1525 867 1572 iusti-

40 1599 162 1637 ficationcm
172 1599 223 1637 fidei
237 1600 334 1644 sequitur
345 1602 365 1636 et
379 1602 410 1636 est
423 1600 468 1636 eius
483 1599 571 1641 fructus
586 1599 604 1635 si
616 1598 669 1635 fides
683 1601 715 1634 est
727 1598 776 1634 viva
789 1600 809 1634 ei
823 1607 866 1634 non

42 1674 131 1710 mortua.

93 1744 125 1782 Ex
138 1745 276 1789 oppositione
289 1746 316 1783 ad
328 1746 368 1783 hos
381 1756 465 1783 errores
478 1746 542 1783 facile
556 1747 684 1790 intelligitur
699 1747 798 1785 doctrina
812 1748 867 1785 thesi

42 1817 157 1856 enuntiata.
173 1818 242 1855 Homo
257 1822 359 1861 peccator
375 1822 406 1856 est
420 1819 513 1856 iniustus
529 1822 550 1856 et
563 1818 666 1856 inimicus
680 1820 726 1857 Dei.
741 1819 867 1857 lustificatio

42 1892 72 1927 est
85 1901 136 1927 vera
149 1893 169 1928 et
182 1890 271 1934 proprie
287 1891 345 1928 dicta
359 1891 458 1928 remissio
473 1894 621 1936 peccatorum3
637 1902 687 1929 vera
702 1892 808 1935 remissio,
824 1903 866 1930 non

42 1962 110 1999 solum
125 1974 168 2000 non
184 1963 298 2006 imputatio
313 1964 398 2006 peccati
414 1964 439 2000 de
455 1964 512 2000 facto
527 1964 664 2006 remanentis,
681 1964 719 2001 scd
733 1965 805 2007 ipsum
819 1976 868 2008 pec-

43 2038 112 2072 catum
125 2036 148 2072 in
163 2036 251 2072 homine
266 2039 341 2078 cessat,
357 2047 406 2072 vere
422 2036 510 2079 deletur,
527 2036 619 2079 amplius
634 2047 678 2073 non
695 2037 761 2074 adest.
777 2036 867 2074 Peccata

22 2128 25 2136 ·
42 2106 146 2145 hocloco
162 2108 313 2151 intelliguntur
329 2119 358 2152 ea,
375 2107 453 2152 quibus
467 2109 532 2146 horno
549 2119 598 2145 vere
614 2109 707 2145 iniustus
723 2110 868 2150 constituitur,

42 2183 154 2220 peccatum
171 2180 275 2224 originale
292 2183 312 2218 et
328 2183 417 2224 peccata
433 2181 556 2223 personalia
573 2180 678 2218 mortalia.
696 2181 754 2218 Haec
770 2185 793 2218 ut
810 2184 868 2225 patet

42 2253 129 2290 nonita
143 2252 288 2297 concipienda
303 2255 352 2290 sunt
365 2264 389 2290 ac
404 2254 422 2290 sl
435 2253 482 2296 ipse
497 2256 556 2290 actus
569 2254 654 2296 peccati
668 2253 784 2297 aliquando
798 2254 867 2291 factus

42 2322 135 2363 inlectus
148 2324 273 2370 efficeretur,
286 2325 324 2363 sed
337 2325 401 2368 culpa
414 2325 451 2363 illo
465 2328 514 2362 actu
528 2328 639 2363 contracta
652 2329 672 2363 et
686 2326 770 2363 macula
784 2327 868 2363 animae

42 2394 130 2435 inducta
145 2398 232 2442 penitus
247 2397 380 2435 auferuntur.
396 2397 522 2435 Iustificatio
536 2408 602 2441 porro
620 2397 700 2435 dicitur
715 2409 761 2436 esse
776 2398 868 2436 sanctiti-

43 2468 98 2506 catio
114 2473 134 2507 et
150 2470 262 2508 renovatio
277 2470 389 2507 interioris
405 2470 510 2515 hominis;
527 2480 577 2514 ergo
594 2470 659 2508 homo
676 2481 720 2508 non
738 2471 807 2508 solum
825 2481 868 2508 ces·

44 2543 74 2577 sat
91 2553 137 2579 esse
154 2545 262 2586 peccator,
280 2543 317 2580 sed
334 2541 427 2586 positive
444 2543 467 2579 in
486 2543 619 2585 superiorem
636 2533 868 2580 statum'transfertur.

43 2641 185 2651 -·——--..-

90 2702 98 2723 2
111 2700 159 2732 Vide
172 2708 231 2737 supra
245 2706 287 2738 pag.
302 2700 324 2731 39
338 2708 363 2731 ss.
