1952 3093
470 89 498 96 —
511 65 591 105 290-

119 190 185 220 autem
197 196 237 219 non
251 196 274 218 ex
286 188 386 226 operibus,
398 189 432 221 sed
443 198 467 221 ex
479 189 543 228 gratia
555 191 575 220 et
587 186 729 219 misericordia.
742 185 806 225 Quare
818 185 869 219 solet
882 186 943 220 etiam

118 257 133 279 s.
145 248 267 285 Augustinus
279 248 308 279 ita
320 248 446 287 distinguere,
459 253 481 282 ut
493 249 550 288 dicat,
563 248 601 287 ipsi
614 247 703 279 iustitiae
715 247 778 279 vitam
791 248 890 279 aeternam
901 256 943 280 esse

118 308 232 345 mercedem,
243 317 283 339 non
296 308 390 347 gratiam
404 309 443 347 ipsi
457 312 523 341 autem
534 308 611 341 homini
624 317 666 339 esse
680 307 764 344 gratiam
777 316 817 339 non
829 307 943 347 mercedem,

120 368 215 407 quoniam
226 367 303 399 homini
314 368 394 400 iustitia
406 369 470 407 gratia
482 372 512 402 est
519 379 528 401 »
536 371 569 400 1⁸⁷.

191 464 209 502 4)
224 465 263 496 Luc
277 464 305 502 17,
319 464 352 498 to:
368 465 434 497 «Cum
449 465 536 497 feceritis
551 465 623 502 omnia,
638 473 688 502 quae
701 466 805 502 praecepta
820 465 867 495 sunt
881 463 943 504 vohis,

122 525 190 557 dicite:
205 524 256 556 servi
268 525 350 557 inutiles
364 534 442 562 sumus;
457 525 510 564 quod
523 524 626 557 debuimus
640 523 710 561 facere,
724 523 831 555 fecimus».
844 523 893 561 Ergo
906 533 945 557 non

122 585 186 617 oritur
195 584 290 616 mcritum
301 593 324 615 ex
335 585 434 623 operibus.

170 644 226 683 Resp.
243 644 287 677 «Ut
303 645 385 683 exponit
400 655 415 677 s.
432 645 553 683 Augustinus
570 654 626 685 serm,
644 644 654 677 3
672 644 695 676 de
711 643 776 676 verbis
793 644 879 682 Domini,
895 635 952 678 servi

122 706 204 737 inutiles
216 705 254 736 dici
266 713 378 743 possumus,
389 715 434 737 eum
447 705 514 737 omnia
527 705 594 737 divina
605 704 700 736 mandata
710 704 838 742 servavimus,
851 704 946 743 quoniam

122 765 174 797 nihil
185 765 270 796 facimus
280 765 334 796 ultra
343 765 369 803 id,
380 765 433 804 quod
444 765 542 804 debemus,
553 767 572 796 et
581 764 633 796 nihil
644 764 689 796 inde
700 764 765 796 iustae
776 764 870 797 mercedis
881 768 946 803 petere

122 834 231 868 possemus,
247 825 287 857 nisi
303 824 355 857 Deus
371 825 450 858 liberali
466 828 522 864 pacto
539 824 642 857 nobiscum
659 825 763 857 convenire
778 824 880 857 voluisset.
897 824 947 858 Nam

123 895 146 917 ex
162 885 277 917 condicione
292 885 393 924 mancipia
406 885 441 917 Dei
457 894 531 924 sumus,
547 887 565 917 et
582 885 598 917 si
614 884 667 923 velit,
683 887 749 922 potest
764 894 800 917 nos
815 884 889 924 absque
905 885 946 918 ullo

122 946 210 984 praemio
221 945 245 977 ad
255 945 323 977 omnia
332 954 397 984 opera,
406 955 540 985 quaecumque
551 944 582 976 ilii
592 945 709 983 placuerint,
718 944 811 982 obligare.
822 945 877 978 Hanc
887 944 947 983 igitur

121 1006 258 1038 'condicionem
275 1007 365 1038 nostram
381 1006 405 1037 ad
421 1005 557 1037 humilitatem
573 1004 727 1037 conservandam
744 1005 788 1037 vult
803 1014 839 1037 nos
857 1004 947 1038 Christus

124 1074 232 1104 agnoscere.
250 1065 344 1104 Quamvis
362 1075 385 1097 ex
402 1066 488 1104 gratuito
505 1069 568 1104 pacto,
585 1065 637 1104 quod
652 1064 756 1097 nobiscum
773 1065 837 1098 facere
855 1066 947 1104 dignatus

124 1129 159 1165 est,
173 1134 279 1164 possumus
294 1135 338 1158 cum
352 1125 447 1163 Apostolo
462 1126 534 1158 dicere:
551 1125 644 1163 Reposita
658 1127 687 1157 est
700 1125 750 1157 mihi
765 1135 837 1158 corona
852 1126 947 1166 iustitiae,

124 1195 183 1226 quam
198 1185 264 1217 reddet
276 1185 327 1217 mihi
341 1186 361 1217 in
376 1186 413 1218 illa
426 1185 457 1218 dic
469 1187 534 1218 iustus
548 1185 611 1217 iudex.
627 1185 676 1217 Nam
690 1187 709 1217 et
721 1186 818 1218 Dominus
832 1186 874 1225 ipse
888 1186 945 1219 dicit:

125 1247 193 1278 Nonne
209 1255 232 1278 ex
249 1246 329 1278 denario
347 1246 457 1278 convenisti
473 1245 560 1278 meeum?
576 1246 624 1278 tolle
640 1245 692 1284 quod
707 1248 764 1278 tuum
781 1249 811 1278 est
827 1249 846 1278 et
861 1246 915 1279 vade.
933 1246 948 1279 0

125 1314 201 1345 magna,
215 1306 282 1345 inquit
296 1306 424 1345 Augustinus,
438 1306 517 1338 bonitas
531 1306 571 1344 Dei,
586 1306 617 1338 cui
633 1315 677 1337 cum
691 1315 726 1344 pro
740 1306 854 1338 condicione
869 1306 947 1339 reddere

125 1367 230 1399 debeamus
246 1366 369 1404 obsequium,
385 1368 453 1405 utpote
467 1366 518 1398 servi
533 1366 623 1404 Domino,
639 1366 773 1398 amicitiarum
787 1365 844 1399 nohis
860 1368 947 1405 praemia

126 1427 251 1465 repromittit,
264 1429 287 1458 ut
299 1426 378 1458 anobis
391 1426 486 1464 obsequia
499 1426 575 1458 debitae
589 1426 690 1458 servitutis
703 1428 819 1465 extorqueat
826 1437 836 1458 »
843 1430 876 1459 1⁸⁸.

197 1522 215 1560 5)
227 1521 277 1554 Rom
290 1523 306 1560 6,
320 1521 341 1554 23
356 1521 438 1554 dicitur:
452 1521 571 1560 «Stipendia
583 1522 635 1553 enirn
648 1523 721 1560 peccati
735 1531 793 1560 mors,
806 1523 870 1560 gratia
882 1526 947 1555 autern

126 1584 161 1617 Dei
174 1583 216 1617 vita
229 1585 333 1622 aeterna»,
345 1585 364 1615 et
377 1592 417 1615 non
430 1582 511 1615 dicitur:
527 1583 648 1621 stipendium
661 1582 759 1615 bonorum
771 1592 852 1622 operum
864 1583 907 1616 vita
921 1592 950 1616 ae-

125 1647 190 1682 ter11a;
204 1652 248 1683 ergo
259 1644 301 1676 vita
313 1645 392 1676 aeterna
404 1652 444 1676 non
456 1646 485 1675 est
498 1643 595 1675 obiectum
607 1644 679 1676 meriti.

173 1705 229 1743 Resp.
240 1713 250 1735 «
258 1705 298 1736 Hoc
310 1706 448 1742 argumentum
461 1703 564 1741 diligenter
576 1703 635 1736 solvit
647 1714 662 1736 s.
674 1704 795 1742 Augustinus
808 1705 829 1736 in
841 1706 897 1744 epist.
909 1705 948 1744 105,

127 1767 147 1797 in
160 1765 274 1797 Enchiridio
288 1773 329 1802 cap.
344 1764 383 1802 107,
398 1766 417 1795 et
430 1763 533 1802 praecipue
546 1764 566 1795 in
580 1763 630 1796 libro
645 1764 667 1796 de
681 1765 744 1802 gratia
758 1767 776 1796 et
789 1764 851 1797 libero
866 1765 948 1798 arbitrio

126 1836 167 1864 cap.
178 1826 188 1856 8
199 1827 218 1856 et
230 1825 246 1856 9.
256 1825 299 1857 Duo
312 1827 378 1856 autem
391 1824 444 1856 dicit.
457 1823 528 1862 Primo,
541 1824 628 1862 potuissc
641 1825 758 1863 Apostolum
770 1828 821 1857 recte
834 1825 902 1864 dicere,
914 1826 948 1858 sti-

126 1885 220 1924 pendium
231 1885 321 1916 iustitiae
330 1885 373 1916 vita
384 1886 469 1922 aeterna,
480 1883 531 1915 sicut
542 1883 597 1922 dixit,
609 1884 729 1922 stipendium
739 1885 813 1924 peccati
825 1895 884 1918 mors.
896 1886 949 1925 Quae

127 1945 189 1978 sancti
207 1945 312 1983 Augustini
330 1944 429 1976 confessio
447 1953 527 1976 causam
544 1944 701 1977 adversariorum
718 1945 797 1984 penitus
816 1943 898 1984 iugulat.
917 1947 948 1979 Se-

127 2005 196 2044 cundo,
211 2015 250 2038 nou
265 2014 307 2037 esse
322 2005 402 2043 dictum,
418 2003 538 2042 stipendium
552 2004 641 2037 iustitiae
655 2005 696 2037 vita
710 2008 795 2044 aeterna,
809 2006 860 2039 sicut
876 2008 949 2046 stipen-

128 2067 183 2099 dium
193 2066 267 2105 prccati
278 2075 337 2104 mors,
348 2075 372 2097 ne
383 2066 428 2104 quis
439 2064 566 2103 existimaret,
578 2065 606 2097 ita
616 2075 652 2097 nos
664 2075 687 2098 ex
697 2066 755 2098 nobis
765 2066 837 2098 habere
847 2067 951 2103 iustitiam,

127 2128 178 2159 sicut
191 2136 213 2158 ex
228 2127 286 2159 nohis
300 2127 397 2158 habemus
411 2128 495 2164 peccata.
511 2125 579 2165 ltaque
592 2127 655 2164 gratia
669 2127 741 2159 dicitur
755 2128 796 2160 vita
810 2130 895 2168 ¹aeterna,
909 2138 948 2161 non

127 2188 174 2226 quia
185 2196 225 2219 non
237 2189 266 2218 est
277 2196 350 2219 merces
362 2187 434 2223 meriti,
447 2186 480 2217 sed
492 2186 538 2224 quia
550 2186 593 2224 ipsa
604 2187 674 2219 merita
686 2186 781 2220 habemus
793 2197 816 2220 ex
827 2188 948 2227 gratiarwt

199 2285 216 2322 fl)
233 2284 303 2322 Magna
317 2283 392 2315 iniuria
408 2284 429 2315 tit
445 2283 528 2320 Christo,
543 2283 559 2315 si
575 2284 651 2316 meritis
666 2285 740 2317 nostris
756 2284 832 2324 aliquid
848 2285 949 2322 tribuitur,

128 2345 184 2383 quasi
196 2354 236 2376 non
249 2344 347 2376 sufficiant
359 2342 432 2375 Christi
444 2343 520 2375 merita.

175 2404 231 2443 Resp.
246 2404 303 2437 «Hoc
318 2406 461 2442 argumentum,
477 2406 550 2442 quanto
565 2404 588 2435 ab
602 2404 719 2437 adversariis
733 2406 795 2443 magis
809 2405 905 2440 rhetorice
919 2405 949 2439 vel

129 2466 193 2503 potius
208 2465 280 2502 tragice
294 2464 431 2503 amplificatur,
445 2465 507 2500 tanto,
521 2473 565 2495 cum
580 2464 690 2502 discutitur,
705 2465 785 2498 inanius
800 2467 905 2499 invenitur⁴
921 2466 949 2499 Si-

175 2607 202 2629 187
216 2604 343 2642 Bcllarmino,
356 2597 398 2642 c'ap.
412 2604 428 2636 5.

177 2667 203 2689 ΞΞΞ
216 2664 343 2703 Bellarmino,
356 2673 397 2702 cap.
412 2664 427 2696 5.

177 2728 202 2749 *89
216 2725 343 2763 Bellarmino,
356 2734 397 2763 cap.
411 2725 427 2757 5.
