1952 3093
468 44 589 82 -152-

118 171 227 211 receptum
244 170 408 210 sacramentum,
424 167 441 203 si
456 178 481 203 ex
498 178 535 203 sua
551 169 612 209 parte
626 165 699 202 onmia
715 165 799 201 sincere
815 164 873 207 tecit,
889 176 942 208 quae

113 240 141 276 ad
155 240 288 275 fructuosam
302 238 348 275 eius
361 238 509 281 receptionem
524 238 669 281 requiruntur,
684 247 727 273 non
743 236 841 272 crederet
856 246 877 272 se
893 248 938 275 esse

116 312 138 348 in
157 315 212 349 statu
230 311 317 356 gratiae,
338 311 445 348 diffideret
463 311 549 348 divinae
568 310 656 354 gratiae.
674 309 722 347 Una
740 311 785 346 erat
803 309 826 345 in
846 309 939 348 concilio

117 385 224 422 sententia
238 388 313 422 contra
326 385 454 428 haereticos,
469 384 527 428 quod
543 384 626 420 scilicet
639 383 710 426 homo,
725 383 743 419 si
758 381 881 419 nonhabet
896 393 941 426 spe-

117 457 193 494 cialem
210 457 370 499 revelationem,
387 467 430 494 non
447 459 532 493 tenetur
546 456 633 492 credere
651 467 672 492 se
689 466 735 491 esse
751 455 774 490 in
791 454 865 497 gratia,
881 457 907 497 et,
924 457 941 491 si

118 540 160 565 uon
179 529 282 570 crederet,
299 528 390 571 gratiam
408 529 524 572 ainitteret3
542 528 579 563 sed
597 528 619 562 iu
637 527 762 570 quaestione
780 529 851 562 utrum
870 531 942 568 posset

117 601 182 638 homo
197 600 276 638 habere
291 600 444 637 certitudinem
461 600 486 637 de
503 602 558 636 statu
572 599 653 643 gratiae
669 602 730 636 erant
746 601 765 635 et
779 597 895 634 manebant
912 598 941 635 di-

117 684 191 711 versae
205 673 323 711 sententiae
336 674 359 710 in
373 674 498 711 concilio44.
511 672 615 716 Specialis
629 672 743 709 difficultas
756 671 907 708 inveniebatur
920 671 941 708 in

118 746 210 783 termino
225 746 351 783 «certitudo
363 746 414 783 fidei
423 759 440 789 »‚
452 746 489 789 qui
501 745 562 782 vario
575 745 640 782 modo
654 744 745 787 intelligi
757 744 834 787 potuit.
846 743 942 780 Tandem

119 818 217 854 additum
232 821 263 854 est
277 831 287 852 «
296 818 331 854 cui
345 829 389 854 uon
403 820 474 860 potest
487 817 573 853 subesse
589 817 666 853 falsum
675 829 693 860 »‚
708 816 786 859 quibus
799 815 871 851 verbis
887 816 943 852 clare

120 889 281 932 significabatur
294 889 399 925 sententia
412 888 577 931 haereticorum,
591 891 611 924 et
624 888 675 924 huie
688 887 792 924 tormulae
806 897 880 923 omnes
895 898 944 923 con-

120 965 239 999 senserunt.

439 1184 491 1220 Doc.
505 1183 625 1219 Euctusnm

176 1341 241 1379 Cone.
256 1351 417 1378 ruionurmuu:
437 1340 488 1384 Cap.
504 1341 515 1378 9
532 1340 631 1378 «Contra
647 1341 735 1377 inanem
750 1339 910 1377 haereticorum
925 1339 947 1375 fi-

121 1415 213 1450 duciam.
233 1414 334 1456 Quamvis
354 1416 424 1449 autem
442 1413 588 1449 necessarium
608 1413 635 1449 sit
655 1412 749 1456 credere,
769 1423 837 1455 neque
857 1411 944 1455 remitti,

121 1496 190 1528 neque
208 1485 298 1521 remissa
315 1495 409 1528 unquam
427 1485 494 1521 fuisse
512 1487 607 1527 peccata,
625 1484 668 1520 nisi
685 1484 751 1526 gratis
771 1483 845 1519 divina
863 1483 945 1520 miseri-

122 1556 197 1594 cordia
213 1559 303 1600 propter
315 1555 436 1594 Christum:
455 1556 538 1593 nemini
553 1559 625 1592 tamen
640 1555 742 1592 fiduciam
758 1558 777 1591 et
793 1554 945 1592 certitudinem

122 1630 257 1667 remissionis
275 1633 414 1673 peccatorum
430 1640 518 1667 suorum
536 1629 625 1666 iactanti
643 1629 703 1665 etin
722 1640 746 1665 ea
763 1629 809 1665 sola
826 1627 946 1672 quiescenti

122 1706 211 1745 peccata
229 1702 309 1739 dimitti
325 1703 359 1738 vel
377 1702 466 1738 dimissa
483 1713 528 1739 esse
546 1701 662 1738 dicendum
680 1704 717 1743 est,
734 1712 783 1737 cum
799 1700 857 1743 apud
874 1700 947 1736 haere-

123 1774 177 1810 ticos
196 1777 216 1810 et
233 1773 384 1810 schismaticos
403 1774 472 1816 possit
491 1784 542 1816 esse,
561 1774 627 1809 immo
645 1775 719 1809 nostra
738 1774 863 1815 tempestate
883 1773 911 1808 sit
928 1774 947 1807 et

123 1855 199 1887 magna
216 1848 291 1881 contra
306 1844 425 1883 Ecclesiam
441 1844 570 1880 catholicam
586 1844 725 1880 contentione
739 1843 877 1886 praedicetur
893 1852 946 1878 vana

123 1918 177 1954 haec
190 1920 209 1954 et
220 1917 245 1954 ah
258 1917 317 1954 omni
328 1917 408 1960 pietate
420 1919 502 1954 remota
511 1915 597 1954 fiducia.
610 1915 651 1953 Sed
662 1927 731 1960 neque
743 1916 798 1952 illud
809 1915 946 1952 asserendum

125 1993 162 2030 est.
177 1993 276 2033 oportere
292 2001 334 2034 eos,
347 1990 384 2033 qui
399 2001 449 2026 vere
463 1989 573 2026 iustificati
588 1992 643 2032 sunt,
657 1989 736 2032 absque
751 1984 800 2025 ulla'
809 1988 897 2025 omnino
912 1988 948 2024 du-

124 2062 229 2099 bitatione
247 2062 304 2104 apud
321 2063 448 2105 semetipsos
465 2064 564 2104 statuere,
582 2072 603 2098 se
619 2072 665 2098 esse
682 2060 815 2103 iustificatos,
832 2061 949 2097 neminem-

125 2145 166 2177 que
184 2145 195 2169 a
211 2134 307 2176 peccatis
325 2133 407 2170 absolvi
426 2144 451 2169 ac
468 2132 587 2175 iustificari,
604 2133 647 2168 nisi
666 2143 720 2175 eum,
737 2132 774 2175 qui
793 2135 851 2168 certo
869 2132 949 2171 credat,

126 2216 147 2241 sc
161 2204 281 2242 absolutum
295 2208 315 2241 et
328 2204 467 2241 iustificatum
482 2215 533 2248 esse,
547 2207 609 2248 atque
623 2204 664 2240 hac
679 2204 723 2241 sola
737 2203 778 2241 fide
793 2203 949 2240 absolutionem

127 2281 146 2315 ct
157 2277 331 2314 iustificationem
342 2277 423 2321 perfici,
435 2278 496 2321 quasi
507 2277 544 2321 qui
555 2277 597 2314 hoc
608 2288 651 2314 nou
663 2277 739 2320 eredit,
750 2277 776 2314 de
787 2276 827 2313 Dei
837 2276 950 2320 promissis

128 2351 196 2394 deque
211 2350 286 2388 mortis
302 2354 321 2387 et
336 2350 501 2387 resurrectionis
516 2349 596 2387 Christi
612 2350 707 2387 efficacia
723 2349 811 2386 dubitet.
826 2349 880 2386 Nam
896 2348 951 2385 sicut

127 2433 190 2459 nemo
209 2423 258 2465 pius
277 2422 302 2458 de
321 2422 360 2458 Dei
379 2422 537 2465 misericordia,
556 2422 581 2458 de
600 2421 681 2459 Christi
699 2422 776 2458 merito
797 2421 864 2465 deque
882 2430 951 2457 sacra-

127 2496 248 2530 mentorum
263 2493 341 2529 virtute
356 2496 376 2530 et
389 2493 484 2529 efficacia
498 2493 595 2529 dubitare
611 2493 683 2529 debet:
700 2493 732 2528 sic
746 2492 842 2536 quilibet,
857 2492 907 2528 dum
922 2502 952 2526 se-

128 2566 199 2609 ipsum
214 2576 315 2609 suamque
330 2565 441 2617 propriam
456 2564 602 2602 infirmitatem
616 2568 637 2602 et
650 2564 841 2608 indispositionem
856 2563 951 2608 respicit,

176 2715 192 2735 ΑΗ
209 2711 285 2747 tlet'neu
299 2711 333 2743 319
345 2720 360 2743 s.
