<?xml version="1.0" encoding="UTF-8"?>
<!DOCTYPE html PUBLIC "-//W3C//DTD XHTML 1.0 Transitional//EN"
    "http://www.w3.org/TR/xhtml1/DTD/xhtml1-transitional.dtd">
<html xmlns="http://www.w3.org/1999/xhtml" xml:lang="en" lang="en">
 <head>
  <title>
</title>
<meta http-equiv="Content-Type" content="text/html;charset=utf-8" />
  <meta name='ocr-system' content='tesseract 3.04.00' />
  <meta name='ocr-capabilities' content='ocr_page ocr_carea ocr_par ocr_line ocrx_word'/>
</head>
<body>
  <div class='ocr_page' id='page_1' title='image "./MN41638ucmf_6_0052.png"; bbox 0 0 1952 3093; ppageno 0'>
   <div class='ocr_carea' id='block_1_1' title="bbox 447 31 555 68">
    <p class='ocr_par' dir='ltr' id='par_1_1' title="bbox 447 31 555 68">
     <span class='ocr_line' id='line_1_1' title="bbox 447 31 555 68; baseline -0.009 -9"><span class='ocrx_word' id='word_1_1' title='bbox 447 31 555 68; x_wconf 69' lang='lat'><strong>-32„-</strong></span> 
     </span>
    </p>
   </div>
   <div class='ocr_carea' id='block_1_2' title="bbox 91 163 935 2383">
    <p class='ocr_par' dir='ltr' id='par_1_2' title="bbox 91 163 920 274">
     <span class='ocr_line' id='line_1_2' title="bbox 93 163 920 209; baseline 0.002 -10"><span class='ocrx_word' id='word_1_2' title='bbox 93 163 160 208; x_wconf 56' lang='grc'><strong>1011101</strong></span> <span class='ocrx_word' id='word_1_3' title='bbox 170 163 244 202; x_wconf 90' lang='lat' dir='ltr'>voluit.</span> <span class='ocrx_word' id='word_1_4' title='bbox 255 165 296 201; x_wconf 85' lang='lat' dir='ltr'>Vix</span> <span class='ocrx_word' id='word_1_5' title='bbox 308 164 430 202; x_wconf 90' lang='lat' dir='ltr'>breviorem</span> <span class='ocrx_word' id='word_1_6' title='bbox 443 168 463 201; x_wconf 91' lang='lat' dir='ltr'>et</span> <span class='ocrx_word' id='word_1_7' title='bbox 475 165 606 208; x_wconf 76' lang='lat' dir='ltr'>apertiorem</span> <span class='ocrx_word' id='word_1_8' title='bbox 618 165 804 208; x_wconf 90' lang='lat' dir='ltr'>potentioremque</span> <span class='ocrx_word' id='word_1_9' title='bbox 817 165 840 201; x_wconf 94' lang='lat' dir='ltr'>in</span> <span class='ocrx_word' id='word_1_10' title='bbox 853 165 920 209; x_wconf 90' lang='lat' dir='ltr'>scrip-</span> 
     </span>
     <span class='ocr_line' id='line_1_3' title="bbox 91 228 916 274; baseline 0.002 -2"><span class='ocrx_word' id='word_1_11' title='bbox 91 235 145 273; x_wconf 81' lang='lat' dir='ltr'>turis</span> <span class='ocrx_word' id='word_1_12' title='bbox 163 236 263 273; x_wconf 80' lang='lat' dir='ltr'>invenias</span> <span class='ocrx_word' id='word_1_13' title='bbox 281 237 411 274; x_wconf 88' lang='lat' dir='ltr'>seutentiam</span> <span class='ocrx_word' id='word_1_14' title='bbox 430 237 532 274; x_wconf 90' lang='lat' dir='ltr'>adversus</span> <span class='ocrx_word' id='word_1_15' title='bbox 549 236 642 274; x_wconf 88' lang='lat' dir='ltr'>liberum</span> <span class='ocrx_word' id='word_1_16' title='bbox 660 237 774 274; x_wconf 89' lang='lat' dir='ltr'>arbitrium</span> <span class='ocrx_word' id='word_1_17' title='bbox 783 250 794 273; x_wconf 88' lang='lat'>»</span> <span class='ocrx_word' id='word_1_18' title='bbox 801 241 817 274; x_wconf 75' lang='lat'>⁹.</span> <span class='ocrx_word' id='word_1_19' title='bbox 914 228 916 231; x_wconf 42' lang='grc'>’</span> 
     </span>
    </p>

    <p class='ocr_par' dir='ltr' id='par_1_3' title="bbox 95 294 928 1298">
     <span class='ocr_line' id='line_1_4' title="bbox 147 294 921 353; baseline 0.003 -7"><span class='ocrx_word' id='word_1_20' title='bbox 147 309 236 353; x_wconf 82' lang='lat' dir='ltr'>Negatio</span> <span class='ocrx_word' id='word_1_21' title='bbox 252 294 316 347; x_wconf 84' lang='lat' dir='ltr'>liberi</span> <span class='ocrx_word' id='word_1_22' title='bbox 332 309 418 347; x_wconf 91' lang='lat' dir='ltr'>arbitrii</span> <span class='ocrx_word' id='word_1_23' title='bbox 434 310 491 352; x_wconf 90' lang='lat' dir='ltr'>apud</span> <span class='ocrx_word' id='word_1_24' title='bbox 507 310 624 347; x_wconf 91' lang='lat' dir='ltr'>Lutherum</span> <span class='ocrx_word' id='word_1_25' title='bbox 640 321 684 347; x_wconf 88' lang='lat' dir='ltr'>non</span> <span class='ocrx_word' id='word_1_26' title='bbox 699 311 768 348; x_wconf 88' lang='lat' dir='ltr'>solum</span> <span class='ocrx_word' id='word_1_27' title='bbox 782 311 805 347; x_wconf 93' lang='lat' dir='ltr'>in</span> <span class='ocrx_word' id='word_1_28' title='bbox 822 310 921 348; x_wconf 81' lang='lat' dir='ltr'>doctrina</span> 
     </span>
     <span class='ocr_line' id='line_1_5' title="bbox 95 382 922 426; baseline 0.004 -8"><span class='ocrx_word' id='word_1_29' title='bbox 95 382 120 418; x_wconf 82' lang='lat' dir='ltr'>de</span> <span class='ocrx_word' id='word_1_30' title='bbox 143 384 232 425; x_wconf 76' lang='lat' dir='ltr'>peccato</span> <span class='ocrx_word' id='word_1_31' title='bbox 255 382 357 426; x_wconf 86' lang='lat' dir='ltr'>originali</span> <span class='ocrx_word' id='word_1_32' title='bbox 379 383 489 426; x_wconf 81' lang='lat' dir='ltr'>tundatur,</span> <span class='ocrx_word' id='word_1_33' title='bbox 512 383 550 419; x_wconf 88' lang='lat' dir='ltr'>sed</span> <span class='ocrx_word' id='word_1_34' title='bbox 573 383 637 420; x_wconf 89' lang='lat' dir='ltr'>etiarn</span> <span class='ocrx_word' id='word_1_35' title='bbox 660 383 683 419; x_wconf 86' lang='lat' dir='ltr'>in</span> <span class='ocrx_word' id='word_1_36' title='bbox 707 383 806 420; x_wconf 87' lang='lat' dir='ltr'>doctrina</span> <span class='ocrx_word' id='word_1_37' title='bbox 830 384 856 421; x_wconf 95' lang='lat' dir='ltr'>de</span> <span class='ocrx_word' id='word_1_38' title='bbox 877 384 922 421; x_wconf 90' lang='lat' dir='ltr'>Deo</span> 
     </span>
     <span class='ocr_line' id='line_1_6' title="bbox 95 454 923 500; baseline 0.004 -10"><span class='ocrx_word' id='word_1_39' title='bbox 95 454 182 499; x_wconf 80' lang='lat' dir='ltr'>eiusque</span> <span class='ocrx_word' id='word_1_40' title='bbox 196 454 278 492; x_wconf 87' lang='lat' dir='ltr'>efficaci</span> <span class='ocrx_word' id='word_1_41' title='bbox 291 456 418 498; x_wconf 88' lang='lat' dir='ltr'>operatione</span> <span class='ocrx_word' id='word_1_42' title='bbox 430 455 555 499; x_wconf 82' lang='lat' dir='ltr'>universali,</span> <span class='ocrx_word' id='word_1_43' title='bbox 567 459 590 493; x_wconf 92' lang='lat' dir='ltr'>ut</span> <span class='ocrx_word' id='word_1_44' title='bbox 603 456 661 492; x_wconf 90' lang='lat' dir='ltr'>clare</span> <span class='ocrx_word' id='word_1_45' title='bbox 673 458 763 499; x_wconf 86' lang='lat' dir='ltr'>apparet</span> <span class='ocrx_word' id='word_1_46' title='bbox 776 467 801 493; x_wconf 84' lang='lat' dir='ltr'>ex</span> <span class='ocrx_word' id='word_1_47' title='bbox 816 456 861 493; x_wconf 89' lang='lat' dir='ltr'>eius</span> <span class='ocrx_word' id='word_1_48' title='bbox 873 467 923 500; x_wconf 90' lang='lat' dir='ltr'>ope-</span> 
     </span>
     <span class='ocr_line' id='line_1_7' title="bbox 95 527 923 572; baseline 0.004 -10"><span class='ocrx_word' id='word_1_49' title='bbox 95 537 118 563; x_wconf 89' lang='lat' dir='ltr'>re</span> <span class='ocrx_word' id='word_1_50' title='bbox 135 527 185 564; x_wconf 62' lang='lat' dir='ltr'>«De</span> <span class='ocrx_word' id='word_1_51' title='bbox 203 538 265 565; x_wconf 89' lang='lat' dir='ltr'>servo</span> <span class='ocrx_word' id='word_1_52' title='bbox 283 527 401 571; x_wconf 76' lang='lat' dir='ltr'>arbitrio»,</span> <span class='ocrx_word' id='word_1_53' title='bbox 419 539 461 572; x_wconf 90' lang='lat' dir='ltr'>quo</span> <span class='ocrx_word' id='word_1_54' title='bbox 480 538 536 565; x_wconf 90' lang='lat' dir='ltr'>anuo</span> <span class='ocrx_word' id='word_1_55' title='bbox 555 528 606 565; x_wconf 77' lang='lat'>1525</span> <span class='ocrx_word' id='word_1_56' title='bbox 624 529 684 571; x_wconf 90' lang='lat' dir='ltr'>operi</span> <span class='ocrx_word' id='word_1_57' title='bbox 702 528 787 564; x_wconf 80' lang='lat' dir='ltr'>Erasini</span> <span class='ocrx_word' id='word_1_58' title='bbox 806 528 923 566; x_wconf 87' lang='lat' dir='ltr'>«Diatribe</span> 
     </span>
     <span class='ocr_line' id='line_1_8' title="bbox 96 599 923 644; baseline 0.004 -9"><span class='ocrx_word' id='word_1_59' title='bbox 96 599 206 636; x_wconf 89' lang='lat' dir='ltr'>delibero</span> <span class='ocrx_word' id='word_1_60' title='bbox 222 599 332 637; x_wconf 89' lang='lat' dir='ltr'>arbitrio»</span> <span class='ocrx_word' id='word_1_61' title='bbox 348 601 466 644; x_wconf 87' lang='lat' dir='ltr'>respondet</span> <span class='ocrx_word' id='word_1_62' title='bbox 474 604 498 637; x_wconf 84' lang='lat'>1⁰.</span> <span class='ocrx_word' id='word_1_63' title='bbox 515 600 571 637; x_wconf 83' lang='lat' dir='ltr'>«Est</span> <span class='ocrx_word' id='word_1_64' title='bbox 586 602 658 644; x_wconf 85' lang='lat' dir='ltr'>itaque</span> <span class='ocrx_word' id='word_1_65' title='bbox 674 605 694 638; x_wconf 91' lang='lat' dir='ltr'>et</span> <span class='ocrx_word' id='word_1_66' title='bbox 707 602 749 637; x_wconf 97' lang='grc'><strong>1100</strong></span> <span class='ocrx_word' id='word_1_67' title='bbox 765 600 873 644; x_wconf 85' lang='lat' dir='ltr'>imprimis</span> <span class='ocrx_word' id='word_1_68' title='bbox 888 612 923 638; x_wconf 88' lang='lat' dir='ltr'>ne-</span> 
     </span>
     <span class='ocr_line' id='line_1_9' title="bbox 96 672 924 716; baseline 0.001 -9"><span class='ocrx_word' id='word_1_69' title='bbox 96 672 214 709; x_wconf 87' lang='lat' dir='ltr'>cessarium</span> <span class='ocrx_word' id='word_1_70' title='bbox 230 675 250 709; x_wconf 94' lang='lat' dir='ltr'>et</span> <span class='ocrx_word' id='word_1_71' title='bbox 266 673 358 709; x_wconf 88' lang='lat' dir='ltr'>salutare</span> <span class='ocrx_word' id='word_1_72' title='bbox 375 672 505 715; x_wconf 85' lang='lat' dir='ltr'>Christiano,</span> <span class='ocrx_word' id='word_1_73' title='bbox 521 683 591 716; x_wconf 87' lang='lat' dir='ltr'>nosse,</span> <span class='ocrx_word' id='word_1_74' title='bbox 608 673 666 716; x_wconf 89' lang='lat' dir='ltr'>quod</span> <span class='ocrx_word' id='word_1_75' title='bbox 683 673 739 709; x_wconf 90' lang='lat' dir='ltr'>Deus</span> <span class='ocrx_word' id='word_1_76' title='bbox 757 672 812 709; x_wconf 93' lang='lat' dir='ltr'>nihil</span> <span class='ocrx_word' id='word_1_77' title='bbox 829 673 924 716; x_wconf 82' lang='lat' dir='ltr'>praescit</span> 
     </span>
     <span class='ocr_line' id='line_1_10' title="bbox 97 744 924 789; baseline 0.002 -9"><span class='ocrx_word' id='word_1_78' title='bbox 97 745 253 789; x_wconf 80' lang='lat' dir='ltr'>contingenter,</span> <span class='ocrx_word' id='word_1_79' title='bbox 267 745 304 782; x_wconf 89' lang='lat' dir='ltr'>sed</span> <span class='ocrx_word' id='word_1_80' title='bbox 320 745 378 789; x_wconf 91' lang='lat' dir='ltr'>quod</span> <span class='ocrx_word' id='word_1_81' title='bbox 392 745 466 783; x_wconf 88' lang='lat' dir='ltr'>omnia</span> <span class='ocrx_word' id='word_1_82' title='bbox 480 745 654 782; x_wconf 85' lang='lat' dir='ltr'>incommutabili</span> <span class='ocrx_word' id='word_1_83' title='bbox 669 750 689 783; x_wconf 89' lang='lat' dir='ltr'>et</span> <span class='ocrx_word' id='word_1_84' title='bbox 704 748 790 783; x_wconf 90' lang='lat' dir='ltr'>aeterna</span> <span class='ocrx_word' id='word_1_85' title='bbox 804 744 924 782; x_wconf 80' lang='lat' dir='ltr'>infallibili-</span> 
     </span>
     <span class='ocr_line' id='line_1_11' title="bbox 97 816 925 862; baseline 0.001 -8"><span class='ocrx_word' id='word_1_86' title='bbox 97 828 138 861; x_wconf 88' lang='lat' dir='ltr'>que</span> <span class='ocrx_word' id='word_1_87' title='bbox 151 818 261 855; x_wconf 86' lang='lat' dir='ltr'>voluntate</span> <span class='ocrx_word' id='word_1_88' title='bbox 278 821 297 855; x_wconf 90' lang='lat' dir='ltr'>et</span> <span class='ocrx_word' id='word_1_89' title='bbox 310 818 424 862; x_wconf 86' lang='lat' dir='ltr'>praevidet</span> <span class='ocrx_word' id='word_1_90' title='bbox 439 821 459 855; x_wconf 89' lang='lat' dir='ltr'>et</span> <span class='ocrx_word' id='word_1_91' title='bbox 474 818 578 862; x_wconf 89' lang='lat' dir='ltr'>proponit</span> <span class='ocrx_word' id='word_1_92' title='bbox 594 816 614 855; x_wconf 88' lang='lat' dir='ltr'>et</span> <span class='ocrx_word' id='word_1_93' title='bbox 630 817 689 857; x_wconf 86' lang='lat' dir='ltr'>iacit.</span> <span class='ocrx_word' id='word_1_94' title='bbox 705 818 750 856; x_wconf 91' lang='lat' dir='ltr'>Hoc</span> <span class='ocrx_word' id='word_1_95' title='bbox 766 818 857 855; x_wconf 81' lang='lat' dir='ltr'>fulmine</span> <span class='ocrx_word' id='word_1_96' title='bbox 873 822 925 855; x_wconf 85' lang='lat' dir='ltr'>ster-</span> 
     </span>
     <span class='ocr_line' id='line_1_12' title="bbox 97 889 925 935; baseline 0.001 -9"><span class='ocrx_word' id='word_1_97' title='bbox 97 890 157 927; x_wconf 87' lang='lat' dir='ltr'>nitur</span> <span class='ocrx_word' id='word_1_98' title='bbox 170 894 190 928; x_wconf 93' lang='lat' dir='ltr'>et</span> <span class='ocrx_word' id='word_1_99' title='bbox 204 891 324 929; x_wconf 90' lang='lat' dir='ltr'>conteritur</span> <span class='ocrx_word' id='word_1_100' title='bbox 336 892 423 935; x_wconf 88' lang='lat' dir='ltr'>penitus</span> <span class='ocrx_word' id='word_1_101' title='bbox 435 891 528 928; x_wconf 87' lang='lat' dir='ltr'>liberum</span> <span class='ocrx_word' id='word_1_102' title='bbox 542 890 662 934; x_wconf 87' lang='lat' dir='ltr'>arbitrium,</span> <span class='ocrx_word' id='word_1_103' title='bbox 675 892 725 928; x_wconf 89' lang='lat' dir='ltr'>ideo</span> <span class='ocrx_word' id='word_1_104' title='bbox 738 891 775 935; x_wconf 89' lang='lat' dir='ltr'>qui</span> <span class='ocrx_word' id='word_1_105' title='bbox 787 889 879 928; x_wconf 89' lang='lat' dir='ltr'>liberum</span> <span class='ocrx_word' id='word_1_106' title='bbox 894 902 925 928; x_wconf 92' lang='lat' dir='ltr'>ar-</span> 
     </span>
     <span class='ocr_line' id='line_1_13' title="bbox 98 963 926 1007; baseline 0.002 -8"><span class='ocrx_word' id='word_1_107' title='bbox 98 963 188 1000; x_wconf 90' lang='lat' dir='ltr'>bitrium</span> <span class='ocrx_word' id='word_1_108' title='bbox 204 964 279 1002; x_wconf 90' lang='lat' dir='ltr'>volunt</span> <span class='ocrx_word' id='word_1_109' title='bbox 296 967 401 1001; x_wconf 87' lang='lat' dir='ltr'>assertum</span> <span class='ocrx_word' id='word_1_110' title='bbox 418 964 496 1001; x_wconf 89' lang='lat' dir='ltr'>debent</span> <span class='ocrx_word' id='word_1_111' title='bbox 512 964 554 1001; x_wconf 92' lang='lat' dir='ltr'>hoc</span> <span class='ocrx_word' id='word_1_112' title='bbox 569 964 650 1000; x_wconf 89' lang='lat' dir='ltr'>fulmen</span> <span class='ocrx_word' id='word_1_113' title='bbox 667 965 701 1001; x_wconf 85' lang='lat' dir='ltr'>vel</span> <span class='ocrx_word' id='word_1_114' title='bbox 718 973 796 1007; x_wconf 79' lang='lat' dir='ltr'>negare</span> <span class='ocrx_word' id='word_1_115' title='bbox 813 964 846 1001; x_wconf 86' lang='lat' dir='ltr'>vel</span> <span class='ocrx_word' id='word_1_116' title='bbox 864 963 926 1001; x_wconf 88' lang='lat' dir='ltr'>dissi-</span> 
     </span>
     <span class='ocr_line' id='line_1_14' title="bbox 99 1036 926 1080; baseline 0 -8"><span class='ocrx_word' id='word_1_117' title='bbox 99 1036 181 1073; x_wconf 89' lang='lat' dir='ltr'>mulare</span> <span class='ocrx_word' id='word_1_118' title='bbox 198 1039 233 1073; x_wconf 93' lang='lat' dir='ltr'>aut</span> <span class='ocrx_word' id='word_1_119' title='bbox 250 1036 291 1073; x_wconf 89' lang='lat' dir='ltr'>alia</span> <span class='ocrx_word' id='word_1_120' title='bbox 307 1036 391 1074; x_wconf 83' lang='lat' dir='ltr'>ratione</span> <span class='ocrx_word' id='word_1_121' title='bbox 407 1048 419 1073; x_wconf 88' lang='lat' dir='ltr'>a</span> <span class='ocrx_word' id='word_1_122' title='bbox 435 1048 457 1073; x_wconf 84' lang='lat' dir='ltr'>se</span> <span class='ocrx_word' id='word_1_123' title='bbox 473 1037 578 1079; x_wconf 84' lang='lat' dir='ltr'>abigere...</span> <span class='ocrx_word' id='word_1_124' title='bbox 595 1036 627 1072; x_wconf 86' lang='lat' dir='ltr'>An</span> <span class='ocrx_word' id='word_1_125' title='bbox 643 1039 665 1072; x_wconf 88' lang='lat' dir='ltr'>tu</span> <span class='ocrx_word' id='word_1_126' title='bbox 682 1036 759 1079; x_wconf 85' lang='lat' dir='ltr'>credis,</span> <span class='ocrx_word' id='word_1_127' title='bbox 776 1036 834 1080; x_wconf 90' lang='lat' dir='ltr'>quod</span> <span class='ocrx_word' id='word_1_128' title='bbox 850 1036 926 1073; x_wconf 91' lang='lat' dir='ltr'>nolens</span> 
     </span>
     <span class='ocr_line' id='line_1_15' title="bbox 99 1107 927 1152; baseline 0.001 -8"><span class='ocrx_word' id='word_1_129' title='bbox 99 1108 213 1152; x_wconf 85' lang='lat' dir='ltr'>praesciat,</span> <span class='ocrx_word' id='word_1_130' title='bbox 228 1112 264 1146; x_wconf 87' lang='lat' dir='ltr'>aut</span> <span class='ocrx_word' id='word_1_131' title='bbox 278 1109 366 1152; x_wconf 82' lang='lat' dir='ltr'>ignarus</span> <span class='ocrx_word' id='word_1_132' title='bbox 381 1108 446 1145; x_wconf 73' lang='lat' dir='ltr'>veliti</span> <span class='ocrx_word' id='word_1_133' title='bbox 462 1108 483 1146; x_wconf 90' lang='lat' dir='ltr'>Si</span> <span class='ocrx_word' id='word_1_134' title='bbox 499 1108 573 1145; x_wconf 89' lang='lat' dir='ltr'>volens</span> <span class='ocrx_word' id='word_1_135' title='bbox 589 1107 689 1152; x_wconf 85' lang='lat' dir='ltr'>praescit,</span> <span class='ocrx_word' id='word_1_136' title='bbox 706 1111 792 1146; x_wconf 88' lang='lat' dir='ltr'>aeterna</span> <span class='ocrx_word' id='word_1_137' title='bbox 808 1111 873 1145; x_wconf 90' lang='lat' dir='ltr'>estet</span> <span class='ocrx_word' id='word_1_138' title='bbox 889 1109 927 1145; x_wconf 96' lang='lat' dir='ltr'>im-</span> 
     </span>
     <span class='ocr_line' id='line_1_16' title="bbox 100 1180 928 1225; baseline 0.001 -8"><span class='ocrx_word' id='word_1_139' title='bbox 100 1181 187 1218; x_wconf 89' lang='lat' dir='ltr'>mobilis</span> <span class='ocrx_word' id='word_1_140' title='bbox 208 1181 267 1225; x_wconf 87' lang='lat' dir='ltr'>(quia</span> <span class='ocrx_word' id='word_1_141' title='bbox 284 1182 369 1224; x_wconf 84' lang='lat' dir='ltr'>natura)</span> <span class='ocrx_word' id='word_1_142' title='bbox 387 1182 493 1224; x_wconf 87' lang='lat' dir='ltr'>voluntas,</span> <span class='ocrx_word' id='word_1_143' title='bbox 510 1181 528 1217; x_wconf 88' lang='lat' dir='ltr'>si</span> <span class='ocrx_word' id='word_1_144' title='bbox 545 1180 670 1224; x_wconf 88' lang='lat' dir='ltr'>praesciens</span> <span class='ocrx_word' id='word_1_145' title='bbox 687 1181 738 1223; x_wconf 88' lang='lat' dir='ltr'>vult,</span> <span class='ocrx_word' id='word_1_146' title='bbox 755 1184 841 1218; x_wconf 86' lang='lat' dir='ltr'>aeterna</span> <span class='ocrx_word' id='word_1_147' title='bbox 860 1183 891 1218; x_wconf 86' lang='lat' dir='ltr'>est</span> <span class='ocrx_word' id='word_1_148' title='bbox 908 1184 928 1218; x_wconf 90' lang='lat' dir='ltr'>et</span> 
     </span>
     <span class='ocr_line' id='line_1_17' title="bbox 100 1253 552 1298; baseline 0.002 -10"><span class='ocrx_word' id='word_1_149' title='bbox 100 1253 219 1291; x_wconf 87' lang='lat' dir='ltr'>immobilis</span> <span class='ocrx_word' id='word_1_150' title='bbox 237 1253 296 1298; x_wconf 88' lang='lat' dir='ltr'>(quia</span> <span class='ocrx_word' id='word_1_151' title='bbox 309 1253 393 1295; x_wconf 85' lang='lat' dir='ltr'>natura)</span> <span class='ocrx_word' id='word_1_152' title='bbox 410 1253 501 1290; x_wconf 86' lang='lat' dir='ltr'>scientia</span> <span class='ocrx_word' id='word_1_153' title='bbox 510 1266 520 1289; x_wconf 84' lang='lat'>»</span> <span class='ocrx_word' id='word_1_154' title='bbox 528 1257 552 1288; x_wconf 79' lang='lat'>11.</span> 
     </span>
    </p>

    <p class='ocr_par' dir='ltr' id='par_1_4' title="bbox 101 1325 935 2383">
     <span class='ocr_line' id='line_1_18' title="bbox 155 1325 928 1370; baseline 0.001 -9"><span class='ocrx_word' id='word_1_155' title='bbox 155 1325 311 1362; x_wconf 73' lang='lat' dir='ltr'>«sudaverunt</span> <span class='ocrx_word' id='word_1_156' title='bbox 326 1325 363 1362; x_wconf 90' lang='lat' dir='ltr'>hic</span> <span class='ocrx_word' id='word_1_157' title='bbox 379 1325 489 1368; x_wconf 85' lang='lat' dir='ltr'>sophistae</span> <span class='ocrx_word' id='word_1_158' title='bbox 505 1325 548 1361; x_wconf 89' lang='lat' dir='ltr'>iam</span> <span class='ocrx_word' id='word_1_159' title='bbox 564 1325 637 1368; x_wconf 87' lang='lat' dir='ltr'>multis</span> <span class='ocrx_word' id='word_1_160' title='bbox 653 1325 715 1361; x_wconf 88' lang='lat' dir='ltr'>annis</span> <span class='ocrx_word' id='word_1_161' title='bbox 731 1328 751 1362; x_wconf 89' lang='lat' dir='ltr'>et</span> <span class='ocrx_word' id='word_1_162' title='bbox 766 1325 854 1362; x_wconf 89' lang='lat' dir='ltr'>tandem</span> <span class='ocrx_word' id='word_1_163' title='bbox 869 1325 928 1370; x_wconf 74' lang='lat' dir='ltr'>vieti,</span> 
     </span>
     <span class='ocr_line' id='line_1_19' title="bbox 102 1395 928 1441; baseline 0.001 -8"><span class='ocrx_word' id='word_1_164' title='bbox 102 1398 171 1434; x_wconf 87' lang='lat' dir='ltr'>coacti</span> <span class='ocrx_word' id='word_1_165' title='bbox 187 1400 236 1434; x_wconf 88' lang='lat' dir='ltr'>sunt</span> <span class='ocrx_word' id='word_1_166' title='bbox 253 1397 379 1441; x_wconf 80' lang='lat' dir='ltr'>concedere,</span> <span class='ocrx_word' id='word_1_167' title='bbox 396 1396 468 1434; x_wconf 88' lang='lat' dir='ltr'>omnia</span> <span class='ocrx_word' id='word_1_168' title='bbox 485 1396 573 1440; x_wconf 90' lang='lat' dir='ltr'>quidem</span> <span class='ocrx_word' id='word_1_169' title='bbox 590 1397 713 1433; x_wconf 86' lang='lat' dir='ltr'>necessario</span> <span class='ocrx_word' id='word_1_170' title='bbox 730 1395 783 1439; x_wconf 85' lang='lat' dir='ltr'>fieri,</span> <span class='ocrx_word' id='word_1_171' title='bbox 801 1397 928 1434; x_wconf 85' lang='lat' dir='ltr'>necessitate</span> 
     </span>
     <span class='ocr_line' id='line_1_20' title="bbox 102 1451 929 1514; baseline -0.001 -8"><span class='ocrx_word' id='word_1_172' title='bbox 102 1451 269 1514; x_wconf 83' lang='lat' dir='ltr'>consequentiae</span> <span class='ocrx_word' id='word_1_173' title='bbox 292 1469 324 1511; x_wconf 91' lang='grc'><strong>(111</strong></span> <span class='ocrx_word' id='word_1_174' title='bbox 343 1468 426 1510; x_wconf 66' lang='lat' dir='ltr'>dicunt)</span> <span class='ocrx_word' id='word_1_175' title='bbox 445 1469 483 1506; x_wconf 88' lang='lat' dir='ltr'>sed</span> <span class='ocrx_word' id='word_1_176' title='bbox 503 1479 546 1505; x_wconf 92' lang='lat' dir='ltr'>non</span> <span class='ocrx_word' id='word_1_177' title='bbox 566 1469 694 1506; x_wconf 81' lang='lat' dir='ltr'>necessitate</span> <span class='ocrx_word' id='word_1_178' title='bbox 714 1468 874 1513; x_wconf 88' lang='lat' dir='ltr'>consequentis.</span> <span class='ocrx_word' id='word_1_179' title='bbox 894 1469 929 1506; x_wconf 89' lang='lat' dir='ltr'>Sic</span> 
     </span>
     <span class='ocr_line' id='line_1_21' title="bbox 101 1540 926 1585; baseline -0.002 -6"><span class='ocrx_word' id='word_1_180' title='bbox 101 1542 211 1580; x_wconf 87' lang='lat' dir='ltr'>eluserunt</span> <span class='ocrx_word' id='word_1_181' title='bbox 229 1541 356 1580; x_wconf 83' lang='lat' dir='ltr'>uiolentiam</span> <span class='ocrx_word' id='word_1_182' title='bbox 375 1541 438 1578; x_wconf 89' lang='lat' dir='ltr'>istius</span> <span class='ocrx_word' id='word_1_183' title='bbox 458 1540 597 1585; x_wconf 84' lang='lat' dir='ltr'>quaestionis,</span> <span class='ocrx_word' id='word_1_184' title='bbox 617 1552 692 1578; x_wconf 83' lang='lat' dir='ltr'>verum</span> <span class='ocrx_word' id='word_1_185' title='bbox 710 1544 731 1578; x_wconf 90' lang='lat' dir='ltr'>et</span> <span class='ocrx_word' id='word_1_186' title='bbox 751 1541 834 1585; x_wconf 91' lang='lat' dir='ltr'>seipsos</span> <span class='ocrx_word' id='word_1_187' title='bbox 854 1542 926 1584; x_wconf 83' lang='lat' dir='ltr'>potius</span> 
     </span>
     <span class='ocr_line' id='line_1_22' title="bbox 102 1613 929 1659; baseline 0.001 -9"><span class='ocrx_word' id='word_1_188' title='bbox 102 1614 222 1652; x_wconf 87' lang='lat' dir='ltr'>illuserunt.</span> <span class='ocrx_word' id='word_1_189' title='bbox 239 1614 306 1659; x_wconf 87' lang='lat' dir='ltr'>Quam</span> <span class='ocrx_word' id='word_1_190' title='bbox 323 1613 350 1650; x_wconf 91' lang='lat' dir='ltr'>sit</span> <span class='ocrx_word' id='word_1_191' title='bbox 365 1614 423 1652; x_wconf 88' lang='lat' dir='ltr'>enirn</span> <span class='ocrx_word' id='word_1_192' title='bbox 439 1613 480 1651; x_wconf 88' lang='lat' dir='ltr'>hoc</span> <span class='ocrx_word' id='word_1_193' title='bbox 497 1613 558 1656; x_wconf 83' lang='lat' dir='ltr'>nihil,</span> <span class='ocrx_word' id='word_1_194' title='bbox 574 1624 617 1651; x_wconf 92' lang='lat' dir='ltr'>non</span> <span class='ocrx_word' id='word_1_195' title='bbox 632 1614 739 1657; x_wconf 81' lang='lat' dir='ltr'>gravabor</span> <span class='ocrx_word' id='word_1_196' title='bbox 754 1614 929 1652; x_wconf 83' lang='grc' dir='ltr'><strong>0310011010.Νο-</strong></span> 
     </span>
     <span class='ocr_line' id='line_1_23' title="bbox 104 1686 930 1732; baseline -0.001 -8"><span class='ocrx_word' id='word_1_197' title='bbox 104 1688 225 1725; x_wconf 83' lang='lat' dir='ltr'>cessitatem</span> <span class='ocrx_word' id='word_1_198' title='bbox 240 1687 407 1731; x_wconf 84' lang='lat' dir='ltr'>consequentiae</span> <span class='ocrx_word' id='word_1_199' title='bbox 422 1690 507 1729; x_wconf 79' lang='lat' dir='ltr'>uocant,</span> <span class='ocrx_word' id='word_1_200' title='bbox 522 1690 546 1723; x_wconf 90' lang='lat' dir='ltr'>ut</span> <span class='ocrx_word' id='word_1_201' title='bbox 561 1697 632 1724; x_wconf 87' lang='lat' dir='ltr'>crasse</span> <span class='ocrx_word' id='word_1_202' title='bbox 649 1686 727 1730; x_wconf 82' lang='lat' dir='ltr'>dicam,</span> <span class='ocrx_word' id='word_1_203' title='bbox 741 1687 760 1723; x_wconf 87' lang='lat' dir='ltr'>si</span> <span class='ocrx_word' id='word_1_204' title='bbox 774 1687 831 1725; x_wconf 89' lang='lat' dir='ltr'>Deus</span> <span class='ocrx_word' id='word_1_205' title='bbox 848 1687 930 1732; x_wconf 90' lang='lat' dir='ltr'>aliquid</span> 
     </span>
     <span class='ocr_line' id='line_1_24' title="bbox 104 1758 931 1804; baseline 0 -8"><span class='ocrx_word' id='word_1_206' title='bbox 104 1760 155 1804; x_wconf 82' lang='lat' dir='ltr'>vult,</span> <span class='ocrx_word' id='word_1_207' title='bbox 169 1771 257 1798; x_wconf 86' lang='lat' dir='ltr'>necesse</span> <span class='ocrx_word' id='word_1_208' title='bbox 270 1764 302 1797; x_wconf 86' lang='lat' dir='ltr'>est</span> <span class='ocrx_word' id='word_1_209' title='bbox 313 1762 337 1796; x_wconf 90' lang='lat' dir='ltr'>ut</span> <span class='ocrx_word' id='word_1_210' title='bbox 349 1760 422 1804; x_wconf 93' lang='lat' dir='ltr'>ipsum</span> <span class='ocrx_word' id='word_1_211' title='bbox 433 1758 476 1804; x_wconf 76' lang='lat' dir='ltr'>fiat,</span> <span class='ocrx_word' id='word_1_212' title='bbox 491 1759 584 1796; x_wconf 86' lang='lat' dir='ltr'>sednon</span> <span class='ocrx_word' id='word_1_213' title='bbox 598 1762 629 1796; x_wconf 90' lang='lat' dir='ltr'>est</span> <span class='ocrx_word' id='word_1_214' title='bbox 642 1769 736 1803; x_wconf 87' lang='lat' dir='ltr'>necesse,</span> <span class='ocrx_word' id='word_1_215' title='bbox 750 1762 773 1796; x_wconf 90' lang='lat' dir='ltr'>ut</span> <span class='ocrx_word' id='word_1_216' title='bbox 787 1760 810 1796; x_wconf 94' lang='lat' dir='ltr'>id</span> <span class='ocrx_word' id='word_1_217' title='bbox 825 1759 858 1802; x_wconf 88' lang='lat' dir='ltr'>sit,</span> <span class='ocrx_word' id='word_1_218' title='bbox 873 1760 931 1803; x_wconf 91' lang='lat' dir='ltr'>quod</span> 
     </span>
     <span class='ocr_line' id='line_1_25' title="bbox 104 1831 931 1875; baseline 0 -7"><span class='ocrx_word' id='word_1_219' title='bbox 104 1832 133 1869; x_wconf 85' lang='lat' dir='ltr'>fit.</span> <span class='ocrx_word' id='word_1_220' title='bbox 149 1833 210 1870; x_wconf 89' lang='lat' dir='ltr'>Solus</span> <span class='ocrx_word' id='word_1_221' title='bbox 225 1833 282 1870; x_wconf 92' lang='lat' dir='ltr'>Deus</span> <span class='ocrx_word' id='word_1_222' title='bbox 299 1832 357 1870; x_wconf 90' lang='lat' dir='ltr'>enim</span> <span class='ocrx_word' id='word_1_223' title='bbox 373 1831 496 1869; x_wconf 85' lang='lat' dir='ltr'>necessario</span> <span class='ocrx_word' id='word_1_224' title='bbox 513 1834 549 1875; x_wconf 88' lang='lat' dir='ltr'>est,</span> <span class='ocrx_word' id='word_1_225' title='bbox 564 1832 637 1869; x_wconf 86' lang='lat' dir='ltr'>omnia</span> <span class='ocrx_word' id='word_1_226' title='bbox 654 1832 695 1869; x_wconf 89' lang='lat' dir='ltr'>alia</span> <span class='ocrx_word' id='word_1_227' title='bbox 712 1836 802 1875; x_wconf 89' lang='lat' dir='ltr'>possunt</span> <span class='ocrx_word' id='word_1_228' title='bbox 818 1841 861 1869; x_wconf 91' lang='lat' dir='ltr'>non</span> <span class='ocrx_word' id='word_1_229' title='bbox 879 1843 931 1874; x_wconf 86' lang='lat' dir='ltr'>esse,</span> 
     </span>
     <span class='ocr_line' id='line_1_26' title="bbox 105 1903 931 1946; baseline -0.001 -5"><span class='ocrx_word' id='word_1_230' title='bbox 105 1903 123 1941; x_wconf 90' lang='lat' dir='ltr'>si</span> <span class='ocrx_word' id='word_1_231' title='bbox 134 1904 192 1942; x_wconf 88' lang='lat' dir='ltr'>Deus</span> <span class='ocrx_word' id='word_1_232' title='bbox 203 1904 262 1942; x_wconf 84' lang='lat' dir='ltr'>velit.</span> <span class='ocrx_word' id='word_1_233' title='bbox 274 1904 306 1941; x_wconf 90' lang='lat' dir='ltr'>Ita</span> <span class='ocrx_word' id='word_1_234' title='bbox 317 1904 427 1941; x_wconf 85' lang='lat' dir='ltr'>actionem</span> <span class='ocrx_word' id='word_1_235' title='bbox 437 1903 477 1940; x_wconf 90' lang='lat' dir='ltr'>Dei</span> <span class='ocrx_word' id='word_1_236' title='bbox 490 1903 635 1940; x_wconf 85' lang='lat' dir='ltr'>necessariam</span> <span class='ocrx_word' id='word_1_237' title='bbox 648 1903 730 1946; x_wconf 85' lang='lat' dir='ltr'>dicunt,</span> <span class='ocrx_word' id='word_1_238' title='bbox 744 1904 762 1939; x_wconf 91' lang='lat' dir='ltr'>si</span> <span class='ocrx_word' id='word_1_239' title='bbox 774 1904 838 1946; x_wconf 80' lang='lat' dir='ltr'>volet,</span> <span class='ocrx_word' id='word_1_240' title='bbox 852 1903 889 1941; x_wconf 89' lang='lat' dir='ltr'>sed</span> <span class='ocrx_word' id='word_1_241' title='bbox 901 1904 931 1940; x_wconf 88' lang='lat' dir='ltr'>ia·</span> 
     </span>
     <span class='ocr_line' id='line_1_27' title="bbox 106 1975 932 2021; baseline -0.001 -7"><span class='ocrx_word' id='word_1_242' title='bbox 106 1980 164 2014; x_wconf 87' lang='lat' dir='ltr'>ctum</span> <span class='ocrx_word' id='word_1_243' title='bbox 177 1978 248 2021; x_wconf 91' lang='lat' dir='ltr'>ipsum</span> <span class='ocrx_word' id='word_1_244' title='bbox 262 1988 306 2015; x_wconf 93' lang='lat' dir='ltr'>non</span> <span class='ocrx_word' id='word_1_245' title='bbox 321 1988 367 2015; x_wconf 89' lang='lat' dir='ltr'>esse</span> <span class='ocrx_word' id='word_1_246' title='bbox 382 1976 536 2014; x_wconf 87' lang='lat' dir='ltr'>necessarium.</span> <span class='ocrx_word' id='word_1_247' title='bbox 551 1975 608 2019; x_wconf 84' lang='lat' dir='ltr'>Quid</span> <span class='ocrx_word' id='word_1_248' title='bbox 623 1978 693 2013; x_wconf 88' lang='lat' dir='ltr'>autem</span> <span class='ocrx_word' id='word_1_249' title='bbox 708 1975 756 2013; x_wconf 90' lang='lat' dir='ltr'>istis</span> <span class='ocrx_word' id='word_1_250' title='bbox 769 1975 871 2013; x_wconf 90' lang='lat' dir='ltr'>ludibriis</span> <span class='ocrx_word' id='word_1_251' title='bbox 887 1987 932 2013; x_wconf 89' lang='lat' dir='ltr'>ver-</span> 
     </span>
     <span class='ocr_line' id='line_1_28' title="bbox 105 2048 932 2092; baseline -0.001 -6"><span class='ocrx_word' id='word_1_252' title='bbox 105 2049 183 2087; x_wconf 87' lang='lat' dir='ltr'>borum</span> <span class='ocrx_word' id='word_1_253' title='bbox 200 2049 309 2087; x_wconf 75' lang='lat' dir='ltr'>efficiunt?</span> <span class='ocrx_word' id='word_1_254' title='bbox 325 2049 351 2086; x_wconf 92' lang='lat' dir='ltr'>Id</span> <span class='ocrx_word' id='word_1_255' title='bbox 368 2049 458 2092; x_wconf 87' lang='lat' dir='ltr'>scilicet,</span> <span class='ocrx_word' id='word_1_256' title='bbox 476 2048 532 2084; x_wconf 84' lang='lat' dir='ltr'>iacta</span> <span class='ocrx_word' id='word_1_257' title='bbox 550 2059 583 2085; x_wconf 87' lang='lat' dir='ltr'>res</span> <span class='ocrx_word' id='word_1_258' title='bbox 600 2058 643 2085; x_wconf 91' lang='lat' dir='ltr'>non</span> <span class='ocrx_word' id='word_1_259' title='bbox 662 2052 693 2088; x_wconf 91' lang='lat' dir='ltr'>est</span> <span class='ocrx_word' id='word_1_260' title='bbox 709 2049 837 2092; x_wconf 80' lang='lat' dir='ltr'>necessarta,</span> <span class='ocrx_word' id='word_1_261' title='bbox 854 2048 878 2084; x_wconf 93' lang='lat' dir='ltr'>id</span> <span class='ocrx_word' id='word_1_262' title='bbox 895 2051 932 2091; x_wconf 88' lang='lat' dir='ltr'>est,</span> 
     </span>
     <span class='ocr_line' id='line_1_29' title="bbox 106 2119 933 2164; baseline -0.001 -6"><span class='ocrx_word' id='word_1_263' title='bbox 106 2132 150 2158; x_wconf 89' lang='grc'>000</span> <span class='ocrx_word' id='word_1_264' title='bbox 162 2121 228 2158; x_wconf 88' lang='lat' dir='ltr'>habet</span> <span class='ocrx_word' id='word_1_265' title='bbox 241 2121 356 2158; x_wconf 86' lang='lat' dir='ltr'>essentiam</span> <span class='ocrx_word' id='word_1_266' title='bbox 370 2120 521 2162; x_wconf 87' lang='lat' dir='ltr'>necessariam,</span> <span class='ocrx_word' id='word_1_267' title='bbox 535 2120 577 2156; x_wconf 90' lang='lat' dir='ltr'>hoc</span> <span class='ocrx_word' id='word_1_268' title='bbox 590 2123 621 2157; x_wconf 92' lang='lat' dir='ltr'>est</span> <span class='ocrx_word' id='word_1_269' title='bbox 635 2120 694 2157; x_wconf 87' lang='lat' dir='ltr'>aliud</span> <span class='ocrx_word' id='word_1_270' title='bbox 706 2119 761 2156; x_wconf 94' lang='lat' dir='ltr'>nihil</span> <span class='ocrx_word' id='word_1_271' title='bbox 776 2120 848 2157; x_wconf 89' lang='lat' dir='ltr'>dicere</span> <span class='ocrx_word' id='word_1_272' title='bbox 863 2130 933 2164; x_wconf 82' lang='lat' dir='ltr'>quam,</span> 
     </span>
     <span class='ocr_line' id='line_1_30' title="bbox 107 2189 934 2235; baseline -0.002 -5"><span class='ocrx_word' id='word_1_273' title='bbox 107 2204 141 2230; x_wconf 91' lang='lat' dir='ltr'>res</span> <span class='ocrx_word' id='word_1_274' title='bbox 154 2194 211 2230; x_wconf 87' lang='lat' dir='ltr'>facta</span> <span class='ocrx_word' id='word_1_275' title='bbox 225 2204 268 2230; x_wconf 89' lang='lat' dir='ltr'>non</span> <span class='ocrx_word' id='word_1_276' title='bbox 283 2196 315 2230; x_wconf 89' lang='lat' dir='ltr'>est</span> <span class='ocrx_word' id='word_1_277' title='bbox 325 2193 383 2230; x_wconf 88' lang='lat' dir='ltr'>Deus</span> <span class='ocrx_word' id='word_1_278' title='bbox 395 2193 448 2235; x_wconf 91' lang='lat' dir='ltr'>ipse.</span> <span class='ocrx_word' id='word_1_279' title='bbox 461 2191 608 2228; x_wconf 89' lang='lat' dir='ltr'>Nihilominus</span> <span class='ocrx_word' id='word_1_280' title='bbox 621 2195 693 2229; x_wconf 88' lang='lat' dir='ltr'>manet</span> <span class='ocrx_word' id='word_1_281' title='bbox 705 2189 766 2234; x_wconf 85' lang='lat' dir='ltr'>illud,</span> <span class='ocrx_word' id='word_1_282' title='bbox 780 2196 803 2229; x_wconf 92' lang='grc'>01</span> <span class='ocrx_word' id='word_1_283' title='bbox 815 2191 886 2229; x_wconf 87' lang='grc'><strong>010013</strong></span> <span class='ocrx_word' id='word_1_284' title='bbox 900 2203 934 2229; x_wconf 86' lang='grc'>103</span> 
     </span>
     <span class='ocr_line' id='line_1_31' title="bbox 107 2263 934 2308; baseline -0.004 -6"><span class='ocrx_word' id='word_1_285' title='bbox 107 2266 230 2303; x_wconf 87' lang='lat' dir='ltr'>necessario</span> <span class='ocrx_word' id='word_1_286' title='bbox 246 2265 289 2308; x_wconf 90' lang='lat' dir='ltr'>fiat,</span> <span class='ocrx_word' id='word_1_287' title='bbox 306 2266 324 2302; x_wconf 93' lang='lat' dir='ltr'>si</span> <span class='ocrx_word' id='word_1_288' title='bbox 341 2265 397 2302; x_wconf 91' lang='lat' dir='ltr'>actio</span> <span class='ocrx_word' id='word_1_289' title='bbox 414 2263 453 2301; x_wconf 92' lang='lat' dir='ltr'>Dei</span> <span class='ocrx_word' id='word_1_290' title='bbox 471 2263 593 2300; x_wconf 90' lang='lat' dir='ltr'>necessaria</span> <span class='ocrx_word' id='word_1_291' title='bbox 609 2264 643 2300; x_wconf 91' lang='lat' dir='ltr'>vel</span> <span class='ocrx_word' id='word_1_292' title='bbox 658 2264 825 2307; x_wconf 86' lang='lat' dir='ltr'>consequentiae</span> <span class='ocrx_word' id='word_1_293' title='bbox 842 2263 934 2301; x_wconf 61' lang='grc'><strong>00003314</strong></span> 
     </span>
     <span class='ocr_line' id='line_1_32' title="bbox 108 2334 935 2383; baseline -0.004 -7"><span class='ocrx_word' id='word_1_294' title='bbox 108 2342 140 2376; x_wconf 86' lang='lat' dir='ltr'>tas</span> <span class='ocrx_word' id='word_1_295' title='bbox 154 2342 192 2383; x_wconf 84' lang='lat' dir='ltr'>est,</span> <span class='ocrx_word' id='word_1_296' title='bbox 207 2337 365 2383; x_wconf 88' lang='lat' dir='ltr'>quantumlibet</span> <span class='ocrx_word' id='word_1_297' title='bbox 380 2337 424 2374; x_wconf 86' lang='lat' dir='ltr'>iam</span> <span class='ocrx_word' id='word_1_298' title='bbox 440 2336 497 2373; x_wconf 86' lang='lat' dir='ltr'>facta</span> <span class='ocrx_word' id='word_1_299' title='bbox 512 2346 555 2373; x_wconf 91' lang='grc'>000</span> <span class='ocrx_word' id='word_1_300' title='bbox 572 2336 599 2373; x_wconf 88' lang='grc'>311</span> <span class='ocrx_word' id='word_1_301' title='bbox 613 2336 742 2380; x_wconf 84' lang='lat' dir='ltr'>necessario,</span> <span class='ocrx_word' id='word_1_302' title='bbox 758 2334 781 2372; x_wconf 93' lang='lat' dir='ltr'>id</span> <span class='ocrx_word' id='word_1_303' title='bbox 795 2339 892 2381; x_wconf 73' lang='lat' dir='ltr'>estnon</span> <span class='ocrx_word' id='word_1_304' title='bbox 908 2336 935 2373; x_wconf 89' lang='lat' dir='ltr'>sit</span> 
     </span>
    </p>
   </div>
   <div class='ocr_carea' id='block_1_3' title="bbox 109 2453 253 2460">
    <p class='ocr_par' dir='ltr' id='par_1_5' title="bbox 109 2453 253 2460">
     <span class='ocr_line' id='line_1_33' title="bbox 109 2453 253 2460; baseline 0 -1"><span class='ocrx_word' id='word_1_305' title='bbox 109 2453 253 2460; x_wconf 77' lang='lat'><em>..-.--.-..---</em></span> 
     </span>
    </p>
   </div>
   <div class='ocr_carea' id='block_1_4' title="bbox 112 2500 934 2642">
    <p class='ocr_par' dir='ltr' id='par_1_6' title="bbox 112 2500 934 2642">
     <span class='ocr_line' id='line_1_34' title="bbox 156 2500 934 2570; baseline -0.003 -7"><span class='ocrx_word' id='word_1_306' title='bbox 156 2535 164 2557; x_wconf 79' lang='lat'>⁹</span> <span class='ocrx_word' id='word_1_307' title='bbox 178 2500 222 2570; x_wconf 56' lang='lat' dir='ltr'>Pap.</span> <span class='ocrx_word' id='word_1_308' title='bbox 240 2531 273 2563; x_wconf 84' lang='grc'>146</span> <span class='ocrx_word' id='word_1_309' title='bbox 290 2541 304 2563; x_wconf 90' lang='grc'>3.</span> <span class='ocrx_word' id='word_1_310' title='bbox 321 2529 350 2562; x_wconf 84' lang='lat' dir='ltr'>Cf.</span> <span class='ocrx_word' id='word_1_311' title='bbox 367 2530 440 2563; x_wconf 86' lang='lat' dir='ltr'>Contra</span> <span class='ocrx_word' id='word_1_312' title='bbox 456 2529 566 2567; x_wconf 84' lang='lat' dir='ltr'>malignum</span> <span class='ocrx_word' id='word_1_313' title='bbox 582 2529 662 2561; x_wconf 84' lang='lat' dir='ltr'>Ioannis</span> <span class='ocrx_word' id='word_1_314' title='bbox 678 2529 722 2561; x_wconf 88' lang='lat' dir='ltr'>Ecei</span> <span class='ocrx_word' id='word_1_315' title='bbox 738 2528 852 2561; x_wconf 86' lang='lat' dir='ltr'>iudicium...</span> <span class='ocrx_word' id='word_1_316' title='bbox 871 2528 934 2567; x_wconf 79' lang='lat'>(1519)</span> 
     </span>
     <span class='ocr_line' id='line_1_35' title="bbox 112 2590 419 2642; baseline -0.01 -16"><span class='ocrx_word' id='word_1_317' title='bbox 112 2595 148 2626; x_wconf 90' lang='lat' dir='ltr'>art.</span> <span class='ocrx_word' id='word_1_318' title='bbox 161 2593 181 2642; x_wconf 77' lang='grc'>11;</span> <span class='ocrx_word' id='word_1_319' title='bbox 195 2592 258 2630; x_wconf 87' lang='lat' dir='ltr'>Opera</span> <span class='ocrx_word' id='word_1_320' title='bbox 271 2591 339 2625; x_wconf 88' lang='lat' dir='ltr'>omnia</span> <span class='ocrx_word' id='word_1_321' title='bbox 350 2590 366 2631; x_wconf 84' lang='lat'>2,</span> <span class='ocrx_word' id='word_1_322' title='bbox 380 2590 419 2624; x_wconf 84' lang='grc'>646.</span> 
     </span>
    </p>
   </div>
   <div class='ocr_carea' id='block_1_5' title="bbox 156 2640 913 2746">
    <p class='ocr_par' dir='ltr' id='par_1_7' title="bbox 156 2640 913 2746">
     <span class='ocr_line' id='line_1_36' title="bbox 156 2640 913 2703; baseline -0.004 -18"><span class='ocrx_word' id='word_1_323' title='bbox 156 2640 175 2678; x_wconf 65' lang='grc'>16</span> <span class='ocrx_word' id='word_1_324' title='bbox 189 2652 234 2703; x_wconf 69' lang='lat' dir='ltr'>«ile</span> <span class='ocrx_word' id='word_1_325' title='bbox 248 2662 304 2685; x_wconf 88' lang='lat' dir='ltr'>servo</span> <span class='ocrx_word' id='word_1_326' title='bbox 321 2651 421 2684; x_wconf 80' lang='lat' dir='ltr'>arbitrio»</span> <span class='ocrx_word' id='word_1_327' title='bbox 439 2651 503 2689; x_wconf 78' lang='lat'>(1525)</span> <span class='ocrx_word' id='word_1_328' title='bbox 520 2651 621 2683; x_wconf 88' lang='lat' dir='ltr'>invenitur</span> <span class='ocrx_word' id='word_1_329' title='bbox 637 2651 657 2682; x_wconf 92' lang='lat' dir='ltr'>in</span> <span class='ocrx_word' id='word_1_330' title='bbox 675 2651 703 2683; x_wconf 88' lang='lat' dir='ltr'>cd.</span> <span class='ocrx_word' id='word_1_331' title='bbox 719 2650 806 2683; x_wconf 85' lang='lat' dir='ltr'>Weimar</span> <span class='ocrx_word' id='word_1_332' title='bbox 821 2652 869 2682; x_wconf 83' lang='lat' dir='ltr'>tom.</span> <span class='ocrx_word' id='word_1_333' title='bbox 885 2650 913 2683; x_wconf 87' lang='grc'>18,</span> 
     </span>
     <span class='ocr_line' id='line_1_37' title="bbox 158 2713 229 2746; baseline -0.014 0"><span class='ocrx_word' id='word_1_334' title='bbox 158 2718 175 2739; x_wconf 84' lang='grc'>11</span> <span class='ocrx_word' id='word_1_335' title='bbox 189 2713 229 2746; x_wconf 82' lang='grc'><strong>615.</strong></span> 
     </span>
    </p>
   </div>
   <div class='ocr_carea' id='block_1_6' title="bbox 0 0 1001 3093">
    <p class='ocr_par' dir='ltr' id='par_1_8' title="bbox 0 0 1001 3093">
     <span class='ocr_line' id='line_1_38' title="bbox 0 0 1001 3093; baseline 0 0"><span class='ocrx_word' id='word_1_336' title='bbox 0 0 1001 3093; x_wconf 95' lang='lat' dir='ltr'> </span> 
     </span>
    </p>
   </div>
  </div>
 </body>
</html>
