1952 3093
481 86 603 125 -336—

123 210 159 243 net
172 207 240 244 Deum
255 217 302 244 eam
317 207 410 250 dedisse,
423 210 447 243 ut
460 207 524 244 homo
539 206 576 244 iila
590 209 668 244 utatur.
682 207 755 244 Potuit
768 205 825 244 Deus
839 208 891 266 loco⁴¹
903 216 949 250 gra-

124 279 165 315 tiae
176 289 234 315 mere
246 277 372 316 sufficientis
385 279 436 315 dare
448 279 539 322 gratiam
552 277 667 321 efficacem,
680 279 736 315 sicut
746 278 817 322 potuit
828 278 877 316 loco
888 289 949 322 prae-

125 350 192 387 sentis
207 350 292 406 ordinis
308 350 364 387 velle
377 350 446 388 alium
460 350 569 394 ordinem;
586 359 636 393 ergo
652 360 727 387 verum
744 354 775 387 est
790 360 839 388 eum
855 351 950 387 nolui-sse

126 423 177 459 dare
194 422 263 459 maius
278 421 408 459 beneficium
425 433 489 466 quam
507 432 582 459 revera
600 421 669 466 dedit;
687 423 725 459 sed
741 433 766 459 ex
785 433 810 459 eo
826 422 885 466 quod
901 423 950 468 quis

125 493 191 531 alicui
207 503 251 531 non
268 494 313 530 vult
330 494 381 530 dare
396 494 467 531 maius
481 493 616 536 beneficium,
632 504 676 531 non
693 494 796 538 sequitur,
813 497 837 531 ut
853 493 877 531 id
892 494 954 539 quod

126 565 187 603 dedit
200 575 243 603 non
260 565 288 602 sit
303 576 379 603 verum
392 565 521 603 beneficium
538 569 558 603 et
571 576 613 611 qua
628 565 757 603 beneficium
773 565 852 604 datum.
868 565 894 603 Et
908 565 950 604 hoc

125 637 190 674 etiam
202 638 283 674 valeret
295 638 317 673 in
329 648 386 681 casu,
399 638 421 675 in
433 649 475 681 quo
487 639 543 675 Deus
556 640 654 681 respectu
667 646 794 681 magnorum
805 640 951 681 peccatorum,

126 720 180 754 quae
194 709 259 748 homo
274 710 389 754 commisit,
405 720 448 748 non
465 712 510 747 unilt
526 710 576 747 dare
592 710 611 747 ei
628 710 696 748 maius
710 708 853 747 beneficium
863 709 952 754 Semper

127 782 185 818 enim
196 781 226 826 id,
240 782 300 826 quod
313 782 355 826 dat,
370 787 401 820 est
415 784 437 819 in
451 794 473 820 se
487 793 560 819 verum
573 781 702 819 beneficium
716 786 737 819 et
751 792 836 826 semper
849 782 895 820 etus
905 783 952 820 >col-

126 853 178 891 latio
189 864 215 891 ex
227 853 283 891 seria
295 854 404 891 voluntate
418 854 512 890 salvifica
523 854 631 898 procedit;
645 864 730 897 semper
740 854 845 891 ‘auxilium
858 857 890 891 est
902 864 951 891 vere

129 925 237 963 sufficiens
245 928 269 963 ³⁶.

128 1151 147 1187 ll.
160 1152 183 1185 De
195 1152 250 1192 grana
263 1152 329 1185 eiilcaci

180 1279 278 1316 Dicimus
288 1291 335 1317 esse
346 1280 437 1323 gratiam
448 1279 561 1323 efficacem,
573 1291 627 1324 quae
638 1280 661 1316 in
671 1283 720 1317 actu
731 1280 802 1323 primo
813 1279 951 1317 infallibilem

128 1361 206 1389 nexum
224 1352 289 1388 habet
307 1362 355 1388 cum
373 1354 421 1389 actu
440 1352 534 1389 salutari.
553 1352 628 1395 Agitur
646 1360 695 1395 ergo
714 1353 740 1389 de
758 1351 853 1389 efficacia
871 1352 951 1395 gratiae

128 1422 227 1466 efficacis,
246 1433 301 1467 quae
320 1434 370 1460 cum
388 1427 437 1460 actu
456 1423 543 1460 salutari
562 1423 588 1460 de
606 1423 663 1461 facto
683 1424 799 1460 coniuncta
819 1426 857 1461 est.
876 1422 951 1462 Omnis

127 1495 195 1538 gratia
208 1505 258 1532 vere
272 1494 381 1532 sufficiens
395 1495 460 1532 babet
474 1495 590 1532 efficaciam
605 1495 698 1540 virtutis,
712 1498 732 1532 et
746 1495 830 1533 confert
843 1495 951 1536 virtutem,

129 1577 170 1610 qua
186 1569 246 1603 actus
263 1566 364 1603 salutaris
381 1568 432 1610 poni
451 1561 530 1611 potes‘t;
546 1568 564 1603 si
582 1569 652 1604 autem
669 1569 729 1603 actus
747 1567 773 1604 de
790 1567 848 1604 facto
864 1567 953 1610 ponitur

127 1637 196 1681 gratia
210 1637 275 1674 babet
290 1637 407 1675 efficaciam
424 1648 467 1674 non
484 1638 552 1675 solum
569 1638 661 1682 virtutis,
678 1638 717 1675 sed
733 1649 786 1682 eam,
802 1648 856 1682 quae
873 1637 953 1675 dicitur

129 1709 224 1747 efficacia
237 1710 317 1753 operis,
330 1710 381 1753 quia
394 1720 442 1746 cum
455 1710 496 1747 hac
507 1711 575 1753 gratia
588 1720 642 1753 opus
656 1710 748 1747 salutare
762 1710 901 1746 coniunctum
915 1712 953 1746 est,

128 1780 189 1819 Hanc
203 1781 321 1818 efficaciam
335 1791 378 1819 non
394 1781 458 1818 habet
472 1782 540 1824 gratia
555 1793 613 1819 mere
627 1781 742 1819 sufficiens.

180 1852 315 1889 Affirmamus
332 1855 401 1889 autem
419 1863 464 1890 esse
479 1853 569 1896 gratiam
585 1852 693 1890 efficacem
708 1863 762 1897 qnae
778 1854 799 1890 in
817 1857 864 1890 actu
882 1853 952 1896 primo

129 1923 267 1961 infallibilem
281 1934 330 1961 eum
344 1935 410 1967 opere
423 1933 502 1960 nexum
516 1924 586 1961 habet.
602 1924 756 1962 Consideratur
770 1934 820 1967 ergo
834 1926 903 1968 grana
918 1935 953 1962 an-

129 1996 253 2033 tecedenter
266 1996 377 2039 adipsum
389 1999 462 2032 actum
476 1996 596 2039 salutarem,
611 1997 648 2040 qui
663 2007 711 2033 cum
725 2007 749 2033 ea
763 1996 892 2034 coniunctus
906 1997 953 2033 erit.

130 2065 181 2104 Esse
199 2067 290 2110 gratiam
307 2067 330 2103 in
347 2070 398 2104 actu
415 2067 511 2104 secundo
529 2066 635 2105 efficacem
655 2068 784 2111 probatione
802 2078 846 2105 non
865 2068 954 2111 indiget.

130 2149 179 2175 cum
192 2138 249 2176 nihil
262 2139 322 2176 aliud
336 2139 400 2182 dicat,
413 2148 477 2182 quam
491 2150 536 2176 esse
549 2134 624 2176 revera
638 2142 698 2177 actus
712 2140 825 2184 salutares;
840 2141 871 2176 sic
884 2139 954 2176 consi-

131 2211 204 2248 derata
221 2209 317 2248 efficacia
334 2210 416 2247 dicitur
432 2220 572 2254 consequens.
587 2211 612 2247 Id
628 2214 704 2254 autem,
720 2207 779 2255 quod
795 2212 818 2247 in
834 2211 876 2247 hae
892 2214 954 2254 parte

131 2281 197 2319 thesis
213 2282 336 2326 adimatur,
352 2285 385 2321 est
399 2283 525 2329 exsistentia
539 2284 619 2325 gratiae
636 2283 736 2326 efficacis,
753 2284 788 2320 eui
806 2283 909 2326 competit
926 2283 954 2320 ei-

130 2353 204 2391 ficacia
221 2365 264 2391 non
280 2355 349 2391 solum
364 2354 457 2396 virtutis
475 2354 512 2390 sed
528 2355 600 2397 operis
616 2359 637 2392 et
653 2355 741 2398 quidem
758 2354 911 2392 antecedenter
927 2355 954 2391 ad

178 2502 196 2523 ³⁶
210 2498 318 2531 Fatendum
330 2502 360 2530 est
371 2499 438 2530 minus
450 2508 543 2536 apparere
554 2500 651 2531 rationem
662 2499 754 2531 beneficii
767 2500 841 2537 gratiae
853 2508 905 2530 mere
915 2498 957 2531 sui-

132 2559 218 2591 iicientis
234 2559 254 2591 in
269 2560 368 2591 sententia
382 2559 539 2591 Banezianorum
554 2561 573 2591 et
588 2558 679 2597 aliorum,
692 2559 726 2598 qui
741 2561 809 2591 tenent
823 2558 957 2598 praedestina-

132 2620 206 2651 tionem
222 2619 246 2652 ad
259 2619 343 2658 gloriam
356 2619 444 2658 praecise
458 2621 558 2657 sumptam
571 2628 613 2651 esse
629 2623 674 2651 ante
688 2619 780 2658 praevisa
792 2619 864 2652 merita
878 2622 897 2652 et
912 2628 957 2652 eon-

132 2682 236 2719 sequenter
249 2680 318 2712 docent
330 2678 518 2718 praedefinitionem
531 2678 635 2711 formalem
650 2681 728 2712 actuum
742 2678 867 2712 salutarium.
881 2679 908 2711 De
921 2678 957 2712 hae

133 2749 152 2771 re
167 2741 185 2772 in
199 2740 288 2779 sequenti
302 2738 360 2772 thesi.
