1952 3093
447 34 568 70 -116-

94 159 121 196 Et
134 160 165 196 ita
178 160 221 196 Leo
235 158 282 195 11111
295 158 368 195 verbis
384 169 450 202 supra
463 158 535 196 citatis
552 158 666 203 distinguit
680 158 826 203 praesentiam
841 157 881 195 Dei
890 157 924 197 ¹ini

94 231 182 269 homine
194 242 234 275 per
247 230 393 274 cognitionem
407 234 428 268 et
439 241 537 270 amorem
550 231 577 268 ab
591 242 616 268 ea
629 242 684 275 quae
697 234 728 268 est
741 241 781 274 per
794 229 886 273 gratiam
900 233 921 267 et

94 315 148 348 quae
161 304 251 347 proprie
264 302 395 340 inhabitatio
411 303 497 341 dicitur.
637 292 639 295 Α

148 381 259 419 Suarez
273 381 304 418 ita
319 391 365 418 rem
380 381 484 425 explieat:
503 381 612 418 «Videtur
625 381 692 425 igitur
706 380 761 418 mihi
776 380 827 417 satis
842 380 920 424 proba-

93 453 167 490 biliter
180 456 200 491 et
212 453 248 498 pie
261 454 348 497 sentire,
360 454 398 498 qui
411 453 492 497 dicunt,
505 453 558 490 talia
569 464 615 491 esse
629 454 686 491 dona
697 453 779 497 gratiae
792 454 876 496 gratum
890 452 920 490 13-

94 525 178 570 cientis,
191 529 215 563 ut
227 526 249 563 vi
262 536 306 571 sua,
319 526 354 563 vel
366 526 428 570 quasi
441 526 561 563 conaturali
574 526 621 563 iure
632 526 743 569 postulent
755 524 861 568 intimam,
875 535 920 562 rea·

93 581 136 634 lem
151 608 176 634 33
190 598 327 641 personalem
341 598 487 641 praesentiam
501 598 542 634 Dei
555 598 579 634 in
594 598 667 635 anima
680 609 720 641 per
735 597 787 634 talia
801 597 920 634 (13113331-

94 669 193 707 ctificata.
208 669 271 713 Quod
283 680 323 713 per
336 670 394 706 hanc
409 669 578 707 conditionalem
593 670 674 714 optime
689 670 817 707 declaratur.
832 668 886 713 Quia
900 671 919 706 si

92 752 133 785 per
146 742 282 785 impossibile
295 741 400 785 fingamus
415 741 519 785 Spiritum
534 744 633 779 sanctum
647 753 691 780 non
705 753 750 779 esse
764 741 817 778 alias
832 741 920 778 realiter

93 817 229 857 praesentem
243 815 302 850 intra
318 814 418 857 animam,
433 825 458 851 eo
474 814 523 857 ipso
538 814 597 858 quod
613 814 685 851 anima
700 813 780 851 talibus
797 813 860 850 donis
877 813 919 850 affi-

93 888 179 922 ceretur
190 886 283 929 ipsemet
297 885 390 929 Spiritus
405 888 492 923 sanctus
506 886 590 923 veniret
604 886 632 923 ad
646 886 706 923 illam
720 896 760 930 per
773 885 922 929 praesentiam¹

92 958 229 1001 personalem
242 958 298 995 etin
313 968 338 995 ea
351 961 406 995 esset
419 960 440 994 et
452 960 555 1002 maneret,
569 958 673 1003 quamdiu
685 958 755 1002 gratia
768 957 791 993 111
805 957 843 994 illa
856 957 918 994 dura-

93 1032 132 1066 ret.
147 1029 216 1074 Atque
230 1030 272 1066 hac
288 1030 379 1073 ratione,
392 1030 445 1066 licet
458 1040 517 1067 nunc
534 1030 587 1067 alias
599 1017 682 1067 vhabeat
696 1030 757 1067 illam
772 1029 919 1073 praesentiam

93 1101 177 1139 ratione
191 1113 242 1139 suae
254 1101 407 1138 immensitatis
419 1104 445 1148 et⁴
452 1102 568 1146 potentiae,
582 1102 659 1140 merito
674 1101 754 1139 dicitur
767 1112 825 1139 nunc
838 1101 919 1139 habere

93 1173 153 1210 illam
168 1174 258 1217 speciali
272 1173 334 1210 titulo
348 1173 432 1210 ratione
447 1174 528 1217 gratiae
543 1177 564 1211 et
577 1174 680 1217 caritatis,
695 1177 716 1211 31
729 1173 780 1211 ideo
794 1173 871 1211 merito
888 1173 918 1210 di-

93 1245 150 1282 citur
161 1245 236 1283 venire
248 1245 282 1282 vel
295 1245 352 1281 mitti
365 1245 392 1282 ad
406 1245 500 1282 animam
514 1245 660 1283 mediantibus
672 1246 707 1283 his
722 1245 812 1283 donis».
825 1244 852 1282 Et
864 1245 919 1283 11333

92 1317 183 1354 ulterius
200 1317 305 1361 explicat:
328 1317 402 1354 «Nam
420 1328 460 1361 per
478 1318 569 1361 gratiam
588 1322 609 1356 et
627 1317 739 1355 caritatem
758 1317 918 1361 perfectissima

92 1389 199 1433 quaedam
214 1389 312 1427 amicitia
328 1389 386 1425 inter
402 1389 471 1426 Deum
488 1392 509 1426 et
524 1389 636 1427 hominem
653 1389 799 1427 constituitur.
814 1389 918 1427 Amicitia

92 1471 143 1498 vero
157 1472 183 1498 ex
197 1472 219 1498 se
231 1460 286 1505 petit
298 1461 402 1498 unionem
415 1461 473 1498 inter
485 1461 631 1510 3111313131
644 1462 713 1499 solum
725 1472 765 1506 per
777 1461 918 1498 conformita-

92 1535 135 1569 tem
146 1532 269 1576 affectuum,
281 1532 320 1569 sed
332 1533 397 1570 etiarn
408 1544 448 1577 per
459 1533 628 1577 inseparabilem
638 1533 816 1577 praesentiamet
827 1533 917 1570 coniun-

92 1604 187 1641 ctionem
203 1604 275 1649 quoad
290 1603 338 1641 fieri
354 1604 623 1648 1111331111113311131113
639 1604 799 1649 perfectissima
814 1608 835 1642 et
850 1605 917 1642 maxi-

92 1687 126 1713 me
142 1676 261 1719 spiritualis
276 1687 301 1713 ac
318 1676 393 1713 divina
408 1687 446 1714 suo
462 1677 508 1713 iure
524 1687 550 1714 ac
566 1677 638 1715 debito
654 1678 749 1721 postulat
763 1677 863 1713 intimam
877 1677 917 1714 Dei

91 1748 237 1791 praesentiam
254 1749 277 1785 111
294 1747 390 1792 homine,
407 1759 471 1792 quem
488 1748 531 1786 sihi
547 1749 589 1786 hoc
605 1749 669 1787 modo
686 1749 780 1787 amicum
798 1749 916 1793 constituit,

92 1830 132 1864 per
146 1820 226 1857 realem
235 1819 390 1857 exsistentiam
404 1820 463 1857 intra
478 1820 550 1864 ipsum
565 1832 592 1857 ex
607 1821 629 1858 vi
644 1821 693 1860 talis
710 1820 826 1865 amicitiae,
842 1821 872 1858 ita
887 1823 916 1864 ut,

91 1892 190 1936 quamvis
207 1892 249 1929 alio
266 1891 329 1929 titulo
346 1892 378 1929 ibi
394 1902 438 1929 non
456 1895 518 1935 esset,
535 1892 577 1929 hoc
593 1892 706 1931 sufficeret.
723 1893 778 1937 Quia
793 1904 846 1930 vero
861 1893 916 1930 haec

90 1963 143 2000 unio
155 1964 186 2000 ita
199 1967 231 2000 est
243 1963 358 2007 amicitiae,
370 1967 394 2000 ut
406 1967 478 2001 tamen
491 1974 535 2001 non
548 1965 576 2001 sit
586 1964 644 2002 inter
656 1965 745 2003 omnino
758 1965 864 2010 aequales,
878 1964 916 2003 sed

92 2046 141 2072 cum
154 2035 226 2072 debita
237 2035 386 2079 proportione,
398 2035 448 2073 ideo
462 2047 487 2073 ex
498 2036 521 2072 vi
532 2036 590 2073 illius
603 2039 676 2074 manet
687 2037 744 2074 Deus
756 2036 779 2072 in
792 2036 881 2074 homine
893 2039 917 2073 ut

91 2109 202 2150 protector
215 2111 235 2144 et
249 2109 321 2144 rector
335 2107 387 2150 31113,
400 2107 463 2144 cuius
476 2107 533 2144 Deus
547 2119 621 2145 curam
635 2109 696 2152 gerit,
711 2119 754 2146 non
770 2109 839 2145 solum
853 2109 915 2145 titulo

91 2179 197 2222 general-is
215 2178 366 2223 providentiae
384 2190 441 2222 suae,
460 2179 498 2216 sed
515 2180 621 2223 peculiari
638 2180 700 2218 titulo
719 2180 834 2218 amicitiae.
851 2180 916 2218 Deni-

91 2261 138 2294 que,
151 2252 203 2294 quia
215 2251 238 2287 11
252 2251 293 2287 hac
308 2250 404 2287 3111131113
418 2262 503 2294 semper
517 2251 617 2289 habenda
632 2255 664 2290 est
678 2252 733 2290 ratio
749 2252 836 2289 diviuae
851 2252 915 2290 maie-

91 2321 158 2365 statis,
171 2323 221 2359 ideo
233 2323 263 2359 ita
277 2333 303 2358 ex
316 2323 338 2359 vi
350 2322 410 2360 illius
423 2325 496 2359 manet
509 2322 603 2366 Spiritus
616 2327 703 2361 sanctus
716 2325 739 2361 in
752 2323 841 2361 homine
854 2327 878 2361 ut
891 2324 915 2361 in

91 2394 168 2436 amieo,
187 2394 222 2430 cui
239 2394 315 2430 intime
332 2395 413 2437 unitur,
429 2397 453 2430 ut
471 2394 536 2431 simul
553 2398 638 2432 maneat
656 2396 688 2432 ibi
705 2398 815 2439 tamquam
833 2396 915 2433 amicus

90 2475 174 2502 summa
189 2465 311 2503 reverentia
327 2469 348 2503 et
365 2465 504 2503 veneratione
523 2467 633 2512 colendus,
651 2468 743 2512 ideoque
760 2471 832 2505 manet
850 2469 915 2505 etiam

90 2536 121 2573 ibi
133 2548 236 2580 praesens
247 2541 356 2593 tamquam
369 2538 392 2574 in
404 2539 484 2581 templo
496 2538 553 2582 vivo,
564 2539 622 2583 quod
634 2539 681 2583 ipse
693 2540 736 2577 sibi
747 2543 811 2576 ornat
821 2542 842 2577 et
853 2551 914 2583 prae-

90 2611 153 2651 parat
167 2619 207 2652 per
223 2609 279 2646 dona
295 2612 372 2653 creata,
388 2612 412 2646 ut
426 2609 450 2646 11
465 2610 503 2647 1113
518 2613 539 2647 31
554 2610 580 2648 ab
596 2611 634 2648 illo
651 2612 758 2649 adoretur.
772 2611 841 2655 Atque
855 2611 914 2648 hunc

89 2683 148 2717 certe
162 2680 297 2724 praesentiae
311 2684 332 2718 et
345 2681 511 2719 inhabitationis
525 2683 614 2719 modum
628 2683 728 2721 indicant
741 2694 815 2721 sacrae
828 2684 913 2721 litterae
