1952 3093
481 65 603 102 —166-

128 186 187 223 tismi
198 189 333 223 sacramenta
343 185 437 223 fideliter
448 185 584 229 requiramus
595 188 615 223 et
624 188 674 228 post
684 185 815 228 baptismum
827 196 876 222 cum
886 186 955 229 ipsius

129 259 238 296 adiutorio
253 270 283 301 ea,
295 268 351 302 quae
364 258 406 295 sibi
421 263 470 295 sunt
483 258 570 302 placita,
584 258 675 301 implere
688 258 796 301 possimus
806 272 816 293 a
825 261 849 294 ⁷⁴³.

181 337 312 374 Bomrarrus
329 336 349 372 ll
365 337 388 373 in
405 336 569 374 confirmatione
585 337 674 374 concilii
690 337 813 373 arausicani
821 340 849 374 79;
869 336 955 381 «Atque

129 409 179 446 ideo
194 420 242 446 cum
255 410 281 446 de
294 409 371 446 haere
384 409 447 446 multi
459 409 533 446 Patres
547 412 568 446 et
579 420 632 452 prae
645 409 723 446 ceteris
737 409 812 446 beatae
825 409 956 446 recordatio-

130 481 164 518 nis
178 481 309 525 Augustinus
325 481 448 526 episeopus,
463 481 501 518 sed
516 484 538 518 et
550 481 643 518 maiores
658 481 728 518 nostri
743 481 880 525 Apostolicae
894 480 956 518 Sedis

129 553 237 590 antistites
252 553 282 590 ita
294 552 378 590 ratione
393 553 513 596 probentur
528 553 656 590 disseruisse
670 553 782 596 latissima,
798 555 821 590 ut
835 552 890 590 nulli
904 553 956 591 ulte-

130 625 175 662 rius
192 625 279 662 deberet
292 636 339 662 esse
354 625 484 669 ambiguum,
497 625 562 662 fidem
577 635 662 669 quoque
677 625 740 662 nobis
756 626 826 668 ipsam
840 625 915 662 venire
930 625 956 662 de

130 696 209 740 gratia:
231 697 417 740 supersedendum
437 697 537 734 duximus
555 698 697 741 responsione
717 697 843 742 multiplici;
863 696 957 734 maxime

131 780 180 806 cnm
196 769 315 806 secundum
332 780 374 813 eas,
391 780 444 813 quas
461 780 486 807 ex
502 769 605 812 Apostolo
623 769 722 806 direxisti
738 768 862 813 sententias,
879 768 957 812 quibus

132 841 195 877 dicit:
213 840 387 878 Misericordiam
404 843 532 878 consecutus
548 852 594 878 sum
610 843 634 878 ut
649 841 719 878 fidelis
737 852 805 878 essem
812 843 838 885 ⁸⁰,
855 843 875 878 et
891 840 954 878 alibi:

132 912 197 949 Vobis
210 913 283 949 datum
295 915 327 949 est
339 924 379 956 pro
392 912 484 956 Christo,
498 923 541 950 non
554 913 623 950 solum
635 916 659 950 ut
671 913 694 948 in
707 923 756 950 eum
769 912 870 956 credatis,
882 922 958 950 verum

131 984 196 1021 etiam
206 987 230 1020 ut
240 995 280 1027 pro
292 996 316 1021 eo
328 985 475 1026 patiaminiffl,
486 984 599 1021 evidenter
608 987 718 1028 appareat,
728 983 800 1028 fidem,
810 995 853 1028 qua
864 983 888 1021 in
897 983 958 1022 Chri-

132 1058 188 1092 stum
204 1057 319 1099 credimus,
336 1057 392 1093 sicut
407 1059 427 1093 et
443 1056 517 1093 omnia
532 1056 590 1093 bona
607 1056 697 1100 singulis
714 1056 840 1093 hominibus
858 1066 884 1093 ex
900 1056 957 1093 dono

133 1138 239 1171 supernae
254 1128 328 1165 venire
342 1128 430 1171 gratiae,
445 1137 489 1165 non
504 1139 530 1165 ex
544 1127 651 1165 humanae
665 1130 769 1171 potestate
785 1130 881 1165 naturae.
897 1128 958 1171 Quod

104 1240 106 1243 v
133 1200 196 1236 etiam
215 1199 380 1236 Fraternitatem
398 1202 462 1243 tuam,
481 1200 556 1237 habita
575 1200 690 1238 collatione
709 1211 758 1237 cum
777 1199 907 1244 quibusdam
927 1211 958 1236 sa-

132 1271 257 1308 cerdotibus
272 1270 396 1316 Galliarum,
413 1272 474 1309 iuxta
489 1271 554 1309 fidem
570 1271 687 1315 gaudemus
705 1272 798 1309 sensisse
814 1272 956 1309 catholicam:

133 1343 155 1379 in
168 1343 202 1380 his
217 1344 306 1387 scilicet,
320 1344 342 1380 in
356 1342 434 1388 quibus
449 1354 499 1390 uno,
513 1344 569 1381 sicut
582 1344 692 1388 indicasti,
706 1354 814 1382 consensu
829 1344 959 1381 definierunt

132 1415 203 1459 fidem,
220 1426 262 1460 qua
279 1416 302 1452 in
319 1414 429 1453 Christum
446 1416 562 1461 credimus,
579 1416 648 1459 gratia
666 1415 787 1453 divinitatis
805 1416 959 1460 praeveniente

133 1487 239 1532 conterri;
253 1487 373 1525 adicientes
387 1488 458 1532 etiam,
472 1488 529 1524 nihil
544 1499 589 1525 esse
603 1499 693 1532 prorsus
708 1488 827 1526 secundum
841 1488 909 1525 Deum
922 1488 959 1527 bo-

133 1559 163 1603 ni,
178 1559 238 1603 quod
252 1560 299 1597 sine
314 1559 354 1596 Dei
369 1559 418 1603 quis
432 1559 501 1603 gratia
517 1563 553 1596 aut
568 1560 622 1597 velie
639 1562 674 1597 aut
690 1560 788 1603 incipere
804 1564 841 1597 aut
855 1559 959 1603 perlicere

133 1631 208 1675 possit,
226 1631 312 1668 dicente
329 1631 378 1674 ipso
396 1631 505 1668 Salvatore
524 1634 609 1668 nostro:
629 1631 679 1668 Sine
696 1643 731 1668 me
747 1631 803 1668 nihil
820 1632 911 1675 potestis
930 1632 960 1668 ta·

134 1706 215 1740 cerem.
228 1702 314 1741 Certum
328 1706 359 1741 est
371 1703 430 1740 enim
444 1691 507 1747 atque
521 1704 658 1747 catholicum,
672 1704 723 1748 quia
737 1704 760 1740 in
774 1703 875 1741 omnibus
889 1704 959 1747 bonis,

133 1786 225 1819 quorum
241 1778 307 1819 caput
321 1778 353 1812 est
366 1774 427 1819 fides,
443 1775 541 1813 nolentes
557 1786 597 1813 nos
612 1775 765 1813 misericordia
782 1776 857 1813 divina
872 1787 960 1819 praeve-

134 1847 185 1890 niat,
199 1850 223 1884 ut
237 1847 316 1885 infide
333 1848 441 1892 duremus,
458 1847 514 1885 sicut
529 1848 599 1885 David
614 1848 720 1892 propheta
737 1848 801 1886 dicit:
820 1848 877 1886 Deus
893 1859 959 1891 meus,

134 1919 286 1957 misericordia
304 1920 350 1956 eius
366 1920 493 1964 praeveniet
509 1923 577 1963 mel&
598 1923 618 1957 et
635 1920 724 1957 iterum:
744 1919 895 1957 Misericordia
913 1931 960 1957 mea

135 2002 183 2028 cum
200 1992 250 2035 ipso
266 1994 298 2029 est
311 1991 363 2023 331118
381 1995 402 2029 et
418 1992 482 2029 alibi:
503 1991 654 2029 Misericordia
673 1993 718 2029 eius
739 1992 876 2036 subsequitur
894 1996 960 2028 meffl.

134 2063 239 2100 Similiter
261 2067 282 2101 et
302 2063 377 2101 beatus
399 2063 477 2101 Paulus
500 2064 564 2101 dicit:
590 2064 631 2101 Aut
651 2064 700 2109 quis
722 2065 783 2107 prior
807 2064 866 2101 dedit
890 2065 916 2109 ei,
940 2067 960 2101 et

135 2135 267 2173 retribuetur
283 2135 329 2172 11111
346 2136 452 2179 Quoniam
471 2147 496 2172 ex
515 2136 564 2178 ipso
583 2139 603 2173 et
619 2147 658 2179 per
675 2136 746 2179 ipsum
766 2140 786 2173 et
804 2137 826 2172 in
845 2137 892 2179 ipso
911 2139 961 2172 sunt

181 2306 199 2328 78
212 2304 265 2335 Denz
279 2304 313 2335 176
326 2312 352 2335 ss.

183 2367 200 2387 7⁹
214 2364 276 2401 Supra
291 2370 333 2402 pag.
349 2364 378 2396 28.

183 2426 200 2448 ⁸⁰
214 2424 223 2454 1
237 2423 275 2455 Cor
287 2423 303 2461 7,
315 2423 343 2455 25.

182 2486 201 2508 ⁸1
214 2482 259 2515 Phil
272 2483 288 2520 1,
301 2483 330 2515 29.

183 2546 201 2568 82
214 2543 235 2574 lo
248 2543 276 2580 15,
289 2543 305 2575 5.

183 2605 201 2627 ⁸³
214 2603 238 2634 Ps
251 2603 279 2641 58,
291 2603 319 2635 11.
376 2615 378 2621 ·

183 2664 232 2690 sabis
246 2664 269 2694 Ps
282 2664 310 2695 88,
322 2664 350 2694 25.

184 2726 202 2748 ⁸4
216 2723 239 2755 Ps
253 2724 280 2756 22.
295 2724 311 2754 Β.
