<?xml version="1.0" encoding="UTF-8"?>
<!DOCTYPE html PUBLIC "-//W3C//DTD XHTML 1.0 Transitional//EN"
    "http://www.w3.org/TR/xhtml1/DTD/xhtml1-transitional.dtd">
<html xmlns="http://www.w3.org/1999/xhtml" xml:lang="en" lang="en">
 <head>
  <title>
</title>
<meta http-equiv="Content-Type" content="text/html;charset=utf-8" />
  <meta name='ocr-system' content='tesseract 3.04.00' />
  <meta name='ocr-capabilities' content='ocr_page ocr_carea ocr_par ocr_line ocrx_word'/>
</head>
<body>
  <div class='ocr_page' id='page_1' title='image "./MN41638ucmf_6_0163.png"; bbox 0 0 1952 3093; ppageno 0'>
   <div class='ocr_carea' id='block_1_1' title="bbox 392 45 513 82">
    <p class='ocr_par' dir='ltr' id='par_1_1' title="bbox 392 45 513 82">
     <span class='ocr_line' id='line_1_1' title="bbox 392 45 513 82; baseline 0 0"><span class='ocrx_word' id='word_1_1' title='bbox 392 45 513 82; x_wconf 45' lang='lat'><strong>-143*</strong></span> 
     </span>
    </p>
   </div>
   <div class='ocr_carea' id='block_1_2' title="bbox 41 171 864 288">
    <p class='ocr_par' dir='ltr' id='par_1_2' title="bbox 41 171 864 288">
     <span class='ocr_line' id='line_1_2' title="bbox 91 171 864 219; baseline -0.006 -8"><span class='ocrx_word' id='word_1_2' title='bbox 91 174 210 211; x_wconf 87' lang='lat' dir='ltr'>Timor:</span> <span class='ocrx_word' id='word_1_3' title='bbox 237 173 297 211; x_wconf 89' lang='lat' dir='ltr'>Eccli</span> <span class='ocrx_word' id='word_1_4' title='bbox 315 175 333 219; x_wconf 90' lang='lat'>1,</span> <span class='ocrx_word' id='word_1_5' title='bbox 349 173 386 211; x_wconf 80' lang='lat'>27:</span> <span class='ocrx_word' id='word_1_6' title='bbox 408 173 502 210; x_wconf 90' lang='lat' dir='ltr'>«Timor</span> <span class='ocrx_word' id='word_1_7' title='bbox 519 171 607 210; x_wconf 88' lang='lat' dir='ltr'>Domini</span> <span class='ocrx_word' id='word_1_8' title='bbox 625 172 714 215; x_wconf 88' lang='lat' dir='ltr'>expellit</span> <span class='ocrx_word' id='word_1_9' title='bbox 731 173 864 214; x_wconf 77' lang='lat' dir='ltr'>peceatum»</span> 
     </span>
     <span class='ocr_line' id='line_1_3' title="bbox 41 243 665 288; baseline -0.005 -5"><span class='ocrx_word' id='word_1_10' title='bbox 41 246 120 288; x_wconf 86' lang='lat' dir='ltr'>(textus</span> <span class='ocrx_word' id='word_1_11' title='bbox 131 246 208 283; x_wconf 88' lang='lat' dir='ltr'>citatus</span> <span class='ocrx_word' id='word_1_12' title='bbox 219 257 231 283; x_wconf 92' lang='lat' dir='ltr'>a</span> <span class='ocrx_word' id='word_1_13' title='bbox 241 246 336 283; x_wconf 89' lang='lat' dir='ltr'>concilio</span> <span class='ocrx_word' id='word_1_14' title='bbox 347 244 483 288; x_wconf 68' lang='lat' dir='ltr'>tridentino).</span> <span class='ocrx_word' id='word_1_15' title='bbox 494 243 526 282; x_wconf 79' lang='lat' dir='ltr'>cf.</span> <span class='ocrx_word' id='word_1_16' title='bbox 537 244 593 282; x_wconf 83' lang='lat' dir='ltr'>Prov</span> <span class='ocrx_word' id='word_1_17' title='bbox 604 244 622 288; x_wconf 91' lang='lat'>4,</span> <span class='ocrx_word' id='word_1_18' title='bbox 633 243 665 280; x_wconf 88' lang='lat'>27.</span> 
     </span>
    </p>
   </div>
   <div class='ocr_carea' id='block_1_3' title="bbox 38 325 867 511">
    <p class='ocr_par' dir='ltr' id='par_1_3' title="bbox 38 325 867 511">
     <span class='ocr_line' id='line_1_4' title="bbox 92 325 867 376; baseline -0.008 -8"><span class='ocrx_word' id='word_1_19' title='bbox 92 329 165 374; x_wconf 87' lang='lat' dir='ltr'>Spes</span> <span class='ocrx_word' id='word_1_20' title='bbox 178 341 182 366; x_wconf 96' lang='lat'>:</span> <span class='ocrx_word' id='word_1_21' title='bbox 204 329 271 367; x_wconf 88' lang='lat' dir='ltr'>Matth</span> <span class='ocrx_word' id='word_1_22' title='bbox 284 329 303 376; x_wconf 83' lang='lat'>9,</span> <span class='ocrx_word' id='word_1_23' title='bbox 317 329 328 365; x_wconf 93' lang='lat'>2</span> <span class='ocrx_word' id='word_1_24' title='bbox 344 329 410 371; x_wconf 82' lang='lat' dir='ltr'>(Marc</span> <span class='ocrx_word' id='word_1_25' title='bbox 423 328 442 372; x_wconf 88' lang='lat'>2,</span> <span class='ocrx_word' id='word_1_26' title='bbox 454 327 485 370; x_wconf 84' lang='grc'>5);</span> <span class='ocrx_word' id='word_1_27' title='bbox 502 341 513 364; x_wconf 86' lang='grc'>&lt;&lt;</span> <span class='ocrx_word' id='word_1_28' title='bbox 522 327 610 366; x_wconf 88' lang='lat' dir='ltr'>Confide</span> <span class='ocrx_word' id='word_1_29' title='bbox 621 326 659 371; x_wconf 89' lang='lat' dir='ltr'>fili,</span> <span class='ocrx_word' id='word_1_30' title='bbox 672 327 812 364; x_wconf 85' lang='lat' dir='ltr'>remittuntur</span> <span class='ocrx_word' id='word_1_31' title='bbox 825 325 867 363; x_wconf 88' lang='lat' dir='ltr'>tihi</span> 
     </span>
     <span class='ocr_line' id='line_1_5' title="bbox 38 399 867 446; baseline -0.006 -7"><span class='ocrx_word' id='word_1_32' title='bbox 38 404 128 446; x_wconf 85' lang='lat' dir='ltr'>peccata</span> <span class='ocrx_word' id='word_1_33' title='bbox 139 404 194 438; x_wconf 87' lang='lat' dir='ltr'>tua»</span> <span class='ocrx_word' id='word_1_34' title='bbox 211 402 255 444; x_wconf 86' lang='lat' dir='ltr'>[cit.</span> <span class='ocrx_word' id='word_1_35' title='bbox 268 412 281 438; x_wconf 88' lang='lat' dir='ltr'>a</span> <span class='ocrx_word' id='word_1_36' title='bbox 294 411 356 438; x_wconf 86' lang='lat' dir='ltr'>conc.</span> <span class='ocrx_word' id='word_1_37' title='bbox 370 400 435 443; x_wconf 83' lang='lat' dir='ltr'>trid).</span> <span class='ocrx_word' id='word_1_38' title='bbox 448 423 475 428; x_wconf 91' lang='lat'>—</span> <span class='ocrx_word' id='word_1_39' title='bbox 487 400 544 437; x_wconf 88' lang='lat' dir='ltr'>Prov</span> <span class='ocrx_word' id='word_1_40' title='bbox 557 399 588 443; x_wconf 84' lang='lat'>28,</span> <span class='ocrx_word' id='word_1_41' title='bbox 601 399 637 437; x_wconf 88' lang='lat'>25:</span> <span class='ocrx_word' id='word_1_42' title='bbox 654 400 714 443; x_wconf 69' lang='lat' dir='ltr'>«Qui</span> <span class='ocrx_word' id='word_1_43' title='bbox 727 410 779 436; x_wconf 85' lang='lat' dir='ltr'>vero</span> <span class='ocrx_word' id='word_1_44' title='bbox 793 399 867 442; x_wconf 87' lang='lat' dir='ltr'>sperat</span> 
     </span>
     <span class='ocr_line' id='line_1_6' title="bbox 38 473 321 511; baseline -0.004 0"><span class='ocrx_word' id='word_1_45' title='bbox 38 474 61 511; x_wconf 91' lang='lat' dir='ltr'>in</span> <span class='ocrx_word' id='word_1_46' title='bbox 75 473 169 511; x_wconf 87' lang='lat' dir='ltr'>Domino</span> <span class='ocrx_word' id='word_1_47' title='bbox 183 473 321 511; x_wconf 64' lang='lat' dir='ltr'>sanabitur».</span> 
     </span>
    </p>
   </div>
   <div class='ocr_carea' id='block_1_4' title="bbox 39 555 867 815">
    <p class='ocr_par' dir='ltr' id='par_1_4' title="bbox 39 555 867 815">
     <span class='ocr_line' id='line_1_7' title="bbox 40 555 866 605; baseline -0.004 -11"><span class='ocrx_word' id='word_1_48' title='bbox 40 601 42 605; x_wconf 18' lang='lat' dir='ltr'>y</span> <span class='ocrx_word' id='word_1_49' title='bbox 92 556 249 594; x_wconf 90' lang='lat' dir='ltr'>Dilectio:</span> <span class='ocrx_word' id='word_1_50' title='bbox 270 557 315 594; x_wconf 90' lang='lat' dir='ltr'>Luc</span> <span class='ocrx_word' id='word_1_51' title='bbox 329 556 348 600; x_wconf 83' lang='lat'>7,</span> <span class='ocrx_word' id='word_1_52' title='bbox 361 556 398 593; x_wconf 82' lang='lat'>47:</span> <span class='ocrx_word' id='word_1_53' title='bbox 414 555 581 593; x_wconf 87' lang='lat' dir='ltr'>«Remittuntur</span> <span class='ocrx_word' id='word_1_54' title='bbox 594 556 614 592; x_wconf 91' lang='lat' dir='ltr'>ei</span> <span class='ocrx_word' id='word_1_55' title='bbox 626 558 716 599; x_wconf 85' lang='lat' dir='ltr'>peccata</span> <span class='ocrx_word' id='word_1_56' title='bbox 729 556 802 597; x_wconf 89' lang='lat' dir='ltr'>multa,</span> <span class='ocrx_word' id='word_1_57' title='bbox 815 565 866 598; x_wconf 87' lang='lat' dir='ltr'>quo-</span> 
     </span>
     <span class='ocr_line' id='line_1_8' title="bbox 39 627 866 672; baseline -0.005 -6"><span class='ocrx_word' id='word_1_58' title='bbox 39 629 98 666; x_wconf 89' lang='lat' dir='ltr'>niam</span> <span class='ocrx_word' id='word_1_59' title='bbox 111 629 188 666; x_wconf 87' lang='lat' dir='ltr'>dilexit</span> <span class='ocrx_word' id='word_1_60' title='bbox 198 629 289 665; x_wconf 88' lang='lat' dir='ltr'>multum</span> <span class='ocrx_word' id='word_1_61' title='bbox 298 640 316 666; x_wconf 88' lang='lat'>».</span> <span class='ocrx_word' id='word_1_62' title='bbox 326 651 354 655; x_wconf 84' lang='lat'>—</span> <span class='ocrx_word' id='word_1_63' title='bbox 365 628 388 665; x_wconf 93' lang='grc'>10</span> <span class='ocrx_word' id='word_1_64' title='bbox 401 628 433 671; x_wconf 83' lang='grc'><strong>14,</strong></span> <span class='ocrx_word' id='word_1_65' title='bbox 445 627 481 665; x_wconf 87' lang='grc'>23;</span> <span class='ocrx_word' id='word_1_66' title='bbox 496 627 597 672; x_wconf 83' lang='lat' dir='ltr'>«Siquis</span> <span class='ocrx_word' id='word_1_67' title='bbox 610 627 681 671; x_wconf 73' lang='lat' dir='ltr'>diligit</span> <span class='ocrx_word' id='word_1_68' title='bbox 691 638 731 670; x_wconf 88' lang='lat' dir='ltr'>me,</span> <span class='ocrx_word' id='word_1_69' title='bbox 744 636 866 663; x_wconf 89' lang='lat' dir='ltr'>sermonem</span> 
     </span>
     <span class='ocr_line' id='line_1_9' title="bbox 39 698 867 744; baseline -0.004 -7"><span class='ocrx_word' id='word_1_70' title='bbox 39 711 111 737; x_wconf 86' lang='lat' dir='ltr'>mcum</span> <span class='ocrx_word' id='word_1_71' title='bbox 123 700 223 744; x_wconf 80' lang='lat' dir='ltr'>servabit,</span> <span class='ocrx_word' id='word_1_72' title='bbox 237 703 258 737; x_wconf 92' lang='lat' dir='ltr'>et</span> <span class='ocrx_word' id='word_1_73' title='bbox 270 700 335 737; x_wconf 87' lang='lat' dir='ltr'>Pater</span> <span class='ocrx_word' id='word_1_74' title='bbox 347 710 408 737; x_wconf 90' lang='lat' dir='ltr'>meus</span> <span class='ocrx_word' id='word_1_75' title='bbox 422 699 497 743; x_wconf 79' lang='lat' dir='ltr'>diliget</span> <span class='ocrx_word' id='word_1_76' title='bbox 509 710 564 743; x_wconf 83' lang='lat' dir='ltr'>eum,</span> <span class='ocrx_word' id='word_1_77' title='bbox 578 702 599 736; x_wconf 88' lang='lat' dir='ltr'>et</span> <span class='ocrx_word' id='word_1_78' title='bbox 611 699 701 736; x_wconf 86' lang='lat' dir='ltr'>adeum</span> <span class='ocrx_word' id='word_1_79' title='bbox 714 698 832 741; x_wconf 77' lang='lat' dir='ltr'><strong>veniemus,</strong></span> <span class='ocrx_word' id='word_1_80' title='bbox 846 700 867 734; x_wconf 87' lang='lat' dir='ltr'>et</span> 
     </span>
     <span class='ocr_line' id='line_1_10' title="bbox 39 770 671 815; baseline -0.002 -6"><span class='ocrx_word' id='word_1_81' title='bbox 39 772 175 809; x_wconf 84' lang='lat' dir='ltr'>mansionem</span> <span class='ocrx_word' id='word_1_82' title='bbox 189 772 247 815; x_wconf 88' lang='lat' dir='ltr'>apud</span> <span class='ocrx_word' id='word_1_83' title='bbox 259 783 307 809; x_wconf 92' lang='lat' dir='ltr'>eum</span> <span class='ocrx_word' id='word_1_84' title='bbox 320 771 425 809; x_wconf 86' lang='lat' dir='ltr'>faciemus</span> <span class='ocrx_word' id='word_1_85' title='bbox 433 784 452 808; x_wconf 84' lang='lat'>».</span> <span class='ocrx_word' id='word_1_86' title='bbox 462 794 490 799; x_wconf 83' lang='lat'>-</span> <span class='ocrx_word' id='word_1_87' title='bbox 501 770 534 809; x_wconf 78' lang='lat' dir='ltr'>cf.</span> <span class='ocrx_word' id='word_1_88' title='bbox 547 772 557 808; x_wconf 88' lang='lat'>1</span> <span class='ocrx_word' id='word_1_89' title='bbox 570 771 593 808; x_wconf 91' lang='lat' dir='ltr'>lo</span> <span class='ocrx_word' id='word_1_90' title='bbox 607 771 625 814; x_wconf 85' lang='lat'>3,</span> <span class='ocrx_word' id='word_1_91' title='bbox 639 771 671 808; x_wconf 81' lang='lat'>14.</span> 
     </span>
    </p>
   </div>
   <div class='ocr_carea' id='block_1_5' title="bbox 40 859 869 1551">
    <p class='ocr_par' dir='ltr' id='par_1_5' title="bbox 40 859 869 1551">
     <span class='ocr_line' id='line_1_11' title="bbox 92 859 867 905; baseline -0.003 -7"><span class='ocrx_word' id='word_1_92' title='bbox 92 861 312 899; x_wconf 78' lang='lat' dir='ltr'><strong>Paenitentia:</strong></span> <span class='ocrx_word' id='word_1_93' title='bbox 337 860 367 897; x_wconf 79' lang='grc' dir='ltr'>ΕΖ</span> <span class='ocrx_word' id='word_1_94' title='bbox 384 861 416 905; x_wconf 87' lang='grc'><strong>18,</strong></span> <span class='ocrx_word' id='word_1_95' title='bbox 433 860 469 898; x_wconf 83' lang='grc'>21;</span> <span class='ocrx_word' id='word_1_96' title='bbox 490 860 532 898; x_wconf 90' lang='lat' dir='ltr'>«Si</span> <span class='ocrx_word' id='word_1_97' title='bbox 549 863 620 898; x_wconf 88' lang='lat' dir='ltr'>autem</span> <span class='ocrx_word' id='word_1_98' title='bbox 636 860 719 904; x_wconf 90' lang='lat' dir='ltr'>impius</span> <span class='ocrx_word' id='word_1_99' title='bbox 734 859 802 903; x_wconf 77' lang='lat' dir='ltr'>egerit</span> <span class='ocrx_word' id='word_1_100' title='bbox 817 870 867 903; x_wconf 91' lang='lat' dir='ltr'>poe-</span> 
     </span>
     <span class='ocr_line' id='line_1_12' title="bbox 40 932 867 978; baseline -0.002 -8"><span class='ocrx_word' id='word_1_101' title='bbox 40 933 154 970; x_wconf 87' lang='lat' dir='ltr'>nitentiam</span> <span class='ocrx_word' id='word_1_102' title='bbox 172 933 197 970; x_wconf 86' lang='lat' dir='ltr'>ah</span> <span class='ocrx_word' id='word_1_103' title='bbox 215 933 316 971; x_wconf 90' lang='lat' dir='ltr'>omnibus</span> <span class='ocrx_word' id='word_1_104' title='bbox 333 933 429 977; x_wconf 89' lang='lat' dir='ltr'>peccatis</span> <span class='ocrx_word' id='word_1_105' title='bbox 447 932 498 978; x_wconf 90' lang='lat' dir='ltr'>suis,</span> <span class='ocrx_word' id='word_1_106' title='bbox 513 943 568 977; x_wconf 84' lang='lat' dir='ltr'>quae</span> <span class='ocrx_word' id='word_1_107' title='bbox 585 935 686 976; x_wconf 89' lang='lat' dir='ltr'>operatus</span> <span class='ocrx_word' id='word_1_108' title='bbox 704 935 742 974; x_wconf 90' lang='lat' dir='ltr'>est,</span> <span class='ocrx_word' id='word_1_109' title='bbox 760 934 781 969; x_wconf 90' lang='lat' dir='ltr'>et</span> <span class='ocrx_word' id='word_1_110' title='bbox 798 934 867 968; x_wconf 89' lang='lat' dir='ltr'>custo-</span> 
     </span>
     <span class='ocr_line' id='line_1_13' title="bbox 41 1003 867 1049; baseline -0.004 -7"><span class='ocrx_word' id='word_1_111' title='bbox 41 1005 107 1042; x_wconf 89' lang='lat' dir='ltr'>dierit</span> <span class='ocrx_word' id='word_1_112' title='bbox 120 1005 194 1042; x_wconf 88' lang='lat' dir='ltr'>omnia</span> <span class='ocrx_word' id='word_1_113' title='bbox 208 1007 324 1049; x_wconf 86' lang='lat' dir='ltr'>praecepta</span> <span class='ocrx_word' id='word_1_114' title='bbox 339 1015 393 1048; x_wconf 87' lang='lat' dir='ltr'>mea,</span> <span class='ocrx_word' id='word_1_115' title='bbox 408 1008 430 1041; x_wconf 91' lang='lat' dir='ltr'>et</span> <span class='ocrx_word' id='word_1_116' title='bbox 445 1005 522 1041; x_wconf 80' lang='lat' dir='ltr'>fecerit</span> <span class='ocrx_word' id='word_1_117' title='bbox 536 1004 644 1041; x_wconf 90' lang='lat' dir='ltr'>iudicium</span> <span class='ocrx_word' id='word_1_118' title='bbox 660 1006 681 1041; x_wconf 86' lang='lat' dir='ltr'>et</span> <span class='ocrx_word' id='word_1_119' title='bbox 694 1003 807 1047; x_wconf 88' lang='lat' dir='ltr'>iustitiam,</span> <span class='ocrx_word' id='word_1_120' title='bbox 822 1004 867 1040; x_wconf 89' lang='lat' dir='ltr'>vita</span> 
     </span>
     <span class='ocr_line' id='line_1_14' title="bbox 40 1075 868 1123; baseline -0.001 -11"><span class='ocrx_word' id='word_1_121' title='bbox 40 1076 99 1114; x_wconf 90' lang='lat' dir='ltr'>vivet</span> <span class='ocrx_word' id='word_1_122' title='bbox 116 1079 138 1114; x_wconf 85' lang='lat' dir='ltr'>et</span> <span class='ocrx_word' id='word_1_123' title='bbox 155 1087 199 1114; x_wconf 88' lang='lat' dir='ltr'>non</span> <span class='ocrx_word' id='word_1_124' title='bbox 218 1076 349 1114; x_wconf 88' lang='lat' dir='ltr'>morietur».</span> <span class='ocrx_word' id='word_1_125' title='bbox 367 1099 394 1104; x_wconf 87' lang='lat'>—</span> <span class='ocrx_word' id='word_1_126' title='bbox 411 1076 479 1113; x_wconf 86' lang='lat' dir='ltr'>Matth</span> <span class='ocrx_word' id='word_1_127' title='bbox 497 1077 515 1123; x_wconf 88' lang='lat'>4,</span> <span class='ocrx_word' id='word_1_128' title='bbox 535 1076 571 1114; x_wconf 89' lang='lat'>17:</span> <span class='ocrx_word' id='word_1_129' title='bbox 594 1075 698 1113; x_wconf 85' lang='lat' dir='ltr'><strong>«Exinde</strong></span> <span class='ocrx_word' id='word_1_130' title='bbox 717 1075 791 1119; x_wconf 87' lang='lat' dir='ltr'>coepit</span> <span class='ocrx_word' id='word_1_131' title='bbox 808 1075 868 1112; x_wconf 88' lang='lat' dir='ltr'>Iesus</span> 
     </span>
     <span class='ocr_line' id='line_1_15' title="bbox 40 1147 868 1192; baseline -0.001 -7"><span class='ocrx_word' id='word_1_132' title='bbox 40 1148 168 1192; x_wconf 88' lang='lat' dir='ltr'>praedicare</span> <span class='ocrx_word' id='word_1_133' title='bbox 181 1152 202 1186; x_wconf 90' lang='lat' dir='ltr'>et</span> <span class='ocrx_word' id='word_1_134' title='bbox 215 1148 298 1186; x_wconf 85' lang='lat' dir='ltr'>dicere:</span> <span class='ocrx_word' id='word_1_135' title='bbox 315 1148 474 1186; x_wconf 81' lang='lat' dir='ltr'>Poenitentiam</span> <span class='ocrx_word' id='word_1_136' title='bbox 488 1148 550 1192; x_wconf 83' lang='lat' dir='ltr'>agite,</span> <span class='ocrx_word' id='word_1_137' title='bbox 565 1147 750 1192; x_wconf 80' lang='lat' dir='ltr'><strong>appropinquavit</strong></span> <span class='ocrx_word' id='word_1_138' title='bbox 764 1147 822 1185; x_wconf 91' lang='lat' dir='ltr'>enim</span> <span class='ocrx_word' id='word_1_139' title='bbox 836 1157 868 1184; x_wconf 88' lang='lat' dir='ltr'>re-</span> 
     </span>
     <span class='ocr_line' id='line_1_16' title="bbox 41 1219 868 1264; baseline -0.001 -7"><span class='ocrx_word' id='word_1_140' title='bbox 41 1230 106 1264; x_wconf 81' lang='lat' dir='ltr'>gnum</span> <span class='ocrx_word' id='word_1_141' title='bbox 122 1221 259 1257; x_wconf 73' lang='lat' dir='ltr'>caelorum».</span> <span class='ocrx_word' id='word_1_142' title='bbox 275 1243 303 1247; x_wconf 79' lang='lat'>—</span> <span class='ocrx_word' id='word_1_143' title='bbox 318 1220 363 1257; x_wconf 91' lang='lat' dir='ltr'>Luc</span> <span class='ocrx_word' id='word_1_144' title='bbox 381 1221 412 1264; x_wconf 86' lang='lat'>13,</span> <span class='ocrx_word' id='word_1_145' title='bbox 429 1220 462 1257; x_wconf 84' lang='grc'>1-9</span> <span class='ocrx_word' id='word_1_146' title='bbox 481 1220 508 1257; x_wconf 88' lang='lat' dir='ltr'>de</span> <span class='ocrx_word' id='word_1_147' title='bbox 523 1220 652 1258; x_wconf 78' lang='lat' dir='ltr'>necessitate</span> <span class='ocrx_word' id='word_1_148' title='bbox 669 1219 823 1263; x_wconf 85' lang='lat' dir='ltr'>poenitentiae,</span> <span class='ocrx_word' id='word_1_149' title='bbox 842 1219 868 1256; x_wconf 85' lang='lat' dir='ltr'>de</span> 
     </span>
     <span class='ocr_line' id='line_1_17' title="bbox 40 1291 868 1337; baseline -0.002 -8"><span class='ocrx_word' id='word_1_150' title='bbox 40 1291 133 1329; x_wconf 89' lang='lat' dir='ltr'>ficulnea</span> <span class='ocrx_word' id='word_1_151' title='bbox 147 1292 292 1337; x_wconf 83' lang='lat' dir='ltr'>infructuosa;</span> <span class='ocrx_word' id='word_1_152' title='bbox 307 1292 335 1330; x_wconf 84' lang='lat' dir='ltr'>cf.</span> <span class='ocrx_word' id='word_1_153' title='bbox 349 1292 394 1329; x_wconf 86' lang='lat' dir='ltr'>Luc</span> <span class='ocrx_word' id='word_1_154' title='bbox 408 1292 440 1336; x_wconf 89' lang='lat'>24,</span> <span class='ocrx_word' id='word_1_155' title='bbox 455 1293 486 1329; x_wconf 92' lang='lat'>47.</span> <span class='ocrx_word' id='word_1_156' title='bbox 499 1315 527 1319; x_wconf 86' lang='lat'>—</span> <span class='ocrx_word' id='word_1_157' title='bbox 540 1292 605 1329; x_wconf 83' lang='lat' dir='ltr'>Actus</span> <span class='ocrx_word' id='word_1_158' title='bbox 620 1291 638 1335; x_wconf 90' lang='lat'>2,</span> <span class='ocrx_word' id='word_1_159' title='bbox 653 1292 689 1329; x_wconf 80' lang='lat'>33:</span> <span class='ocrx_word' id='word_1_160' title='bbox 707 1291 802 1328; x_wconf 71' lang='lat' dir='ltr'>«Petrus</span> <span class='ocrx_word' id='word_1_161' title='bbox 816 1301 868 1327; x_wconf 83' lang='lat' dir='ltr'>vero</span> 
     </span>
     <span class='ocr_line' id='line_1_18' title="bbox 42 1363 869 1408; baseline -0.001 -7"><span class='ocrx_word' id='word_1_162' title='bbox 42 1364 70 1401; x_wconf 89' lang='lat' dir='ltr'>ad</span> <span class='ocrx_word' id='word_1_163' title='bbox 83 1364 143 1401; x_wconf 88' lang='lat' dir='ltr'>illos:</span> <span class='ocrx_word' id='word_1_164' title='bbox 160 1363 325 1407; x_wconf 80' lang='lat' dir='ltr'>Paenitentiam,</span> <span class='ocrx_word' id='word_1_165' title='bbox 338 1364 416 1408; x_wconf 81' lang='lat' dir='ltr'>inquit,</span> <span class='ocrx_word' id='word_1_166' title='bbox 429 1364 491 1408; x_wconf 79' lang='lat' dir='ltr'>agite,</span> <span class='ocrx_word' id='word_1_167' title='bbox 506 1367 526 1401; x_wconf 89' lang='lat' dir='ltr'>et</span> <span class='ocrx_word' id='word_1_168' title='bbox 538 1363 661 1408; x_wconf 77' lang='lat' dir='ltr'>baptizetur</span> <span class='ocrx_word' id='word_1_169' title='bbox 672 1363 821 1408; x_wconf 83' lang='lat' dir='ltr'>unusquisque</span> <span class='ocrx_word' id='word_1_170' title='bbox 834 1374 869 1400; x_wconf 84' lang='lat' dir='ltr'>ve·</span> 
     </span>
     <span class='ocr_line' id='line_1_19' title="bbox 42 1435 869 1479; baseline 0 -7"><span class='ocrx_word' id='word_1_171' title='bbox 42 1438 110 1472; x_wconf 91' lang='lat' dir='ltr'>strum</span> <span class='ocrx_word' id='word_1_172' title='bbox 124 1436 148 1472; x_wconf 92' lang='lat' dir='ltr'>in</span> <span class='ocrx_word' id='word_1_173' title='bbox 163 1435 253 1473; x_wconf 90' lang='lat' dir='ltr'>nomine</span> <span class='ocrx_word' id='word_1_174' title='bbox 265 1436 314 1473; x_wconf 88' lang='lat' dir='ltr'>Iesu</span> <span class='ocrx_word' id='word_1_175' title='bbox 331 1435 411 1473; x_wconf 86' lang='lat' dir='ltr'>Christi</span> <span class='ocrx_word' id='word_1_176' title='bbox 426 1435 449 1472; x_wconf 89' lang='lat' dir='ltr'>in</span> <span class='ocrx_word' id='word_1_177' title='bbox 466 1436 617 1473; x_wconf 86' lang='lat' dir='ltr'>remissionem</span> <span class='ocrx_word' id='word_1_178' title='bbox 632 1439 772 1479; x_wconf 87' lang='lat' dir='ltr'>peccatorum</span> <span class='ocrx_word' id='word_1_179' title='bbox 788 1438 869 1472; x_wconf 88' lang='lat' dir='ltr'>vestro-</span> 
     </span>
     <span class='ocr_line' id='line_1_20' title="bbox 41 1506 868 1551; baseline 0 -8"><span class='ocrx_word' id='word_1_180' title='bbox 41 1517 89 1543; x_wconf 91' lang='lat' dir='ltr'>rum</span> <span class='ocrx_word' id='word_1_181' title='bbox 102 1510 123 1544; x_wconf 89' lang='lat' dir='ltr'>et</span> <span class='ocrx_word' id='word_1_182' title='bbox 134 1507 248 1551; x_wconf 85' lang='lat' dir='ltr'>accipietis</span> <span class='ocrx_word' id='word_1_183' title='bbox 259 1507 340 1544; x_wconf 89' lang='lat' dir='ltr'>donum</span> <span class='ocrx_word' id='word_1_184' title='bbox 352 1506 446 1551; x_wconf 86' lang='lat' dir='ltr'>Spiritus</span> <span class='ocrx_word' id='word_1_185' title='bbox 458 1507 550 1545; x_wconf 87' lang='lat' dir='ltr'>Sancti»</span> <span class='ocrx_word' id='word_1_186' title='bbox 567 1508 645 1549; x_wconf 89' lang='lat' dir='ltr'>(textus</span> <span class='ocrx_word' id='word_1_187' title='bbox 656 1507 693 1544; x_wconf 88' lang='lat' dir='ltr'>cit.</span> <span class='ocrx_word' id='word_1_188' title='bbox 705 1518 718 1544; x_wconf 87' lang='lat' dir='ltr'>a</span> <span class='ocrx_word' id='word_1_189' title='bbox 730 1517 791 1544; x_wconf 90' lang='lat' dir='ltr'>conc.</span> <span class='ocrx_word' id='word_1_190' title='bbox 802 1507 868 1548; x_wconf 80' lang='lat' dir='ltr'>trid).</span> 
     </span>
    </p>
   </div>
   <div class='ocr_carea' id='block_1_6' title="bbox 42 1590 869 1779">
    <p class='ocr_par' dir='ltr' id='par_1_6' title="bbox 42 1590 869 1779">
     <span class='ocr_line' id='line_1_21' title="bbox 96 1590 869 1637; baseline 0 -9"><span class='ocrx_word' id='word_1_191' title='bbox 96 1590 193 1635; x_wconf 83' lang='lat' dir='ltr'>Opera</span> <span class='ocrx_word' id='word_1_192' title='bbox 218 1591 479 1629; x_wconf 78' lang='lat' dir='ltr'>misericordiae:</span> <span class='ocrx_word' id='word_1_193' title='bbox 506 1591 552 1629; x_wconf 88' lang='lat' dir='ltr'>Toh</span> <span class='ocrx_word' id='word_1_194' title='bbox 572 1591 604 1637; x_wconf 82' lang='grc'>12,</span> <span class='ocrx_word' id='word_1_195' title='bbox 623 1591 646 1629; x_wconf 84' lang='grc'>9;</span> <span class='ocrx_word' id='word_1_196' title='bbox 670 1592 795 1635; x_wconf 69' lang='lat' dir='ltr'>«Quoniam</span> <span class='ocrx_word' id='word_1_197' title='bbox 816 1592 869 1628; x_wconf 88' lang='lat' dir='ltr'>elee-</span> 
     </span>
     <span class='ocr_line' id='line_1_22' title="bbox 42 1663 869 1708; baseline 0.001 -9"><span class='ocrx_word' id='word_1_198' title='bbox 42 1673 134 1706; x_wconf 82' lang='lat' dir='ltr'>mosyna</span> <span class='ocrx_word' id='word_1_199' title='bbox 148 1674 160 1700; x_wconf 88' lang='lat' dir='ltr'>a</span> <span class='ocrx_word' id='word_1_200' title='bbox 174 1666 244 1701; x_wconf 89' lang='lat' dir='ltr'>morte</span> <span class='ocrx_word' id='word_1_201' title='bbox 258 1663 343 1708; x_wconf 89' lang='lat' dir='ltr'>liberat,</span> <span class='ocrx_word' id='word_1_202' title='bbox 358 1667 378 1700; x_wconf 92' lang='lat' dir='ltr'>et</span> <span class='ocrx_word' id='word_1_203' title='bbox 393 1664 443 1707; x_wconf 87' lang='lat' dir='ltr'>ipsa</span> <span class='ocrx_word' id='word_1_204' title='bbox 456 1667 493 1707; x_wconf 88' lang='lat' dir='ltr'>est,</span> <span class='ocrx_word' id='word_1_205' title='bbox 509 1674 563 1708; x_wconf 87' lang='lat' dir='ltr'>quae</span> <span class='ocrx_word' id='word_1_206' title='bbox 577 1666 655 1707; x_wconf 82' lang='lat' dir='ltr'>purgat</span> <span class='ocrx_word' id='word_1_207' title='bbox 668 1666 764 1708; x_wconf 85' lang='lat' dir='ltr'>peccata,</span> <span class='ocrx_word' id='word_1_208' title='bbox 780 1667 800 1700; x_wconf 89' lang='lat' dir='ltr'>et</span> <span class='ocrx_word' id='word_1_209' title='bbox 816 1664 869 1700; x_wconf 87' lang='lat' dir='ltr'>tacit</span> 
     </span>
     <span class='ocr_line' id='line_1_23' title="bbox 43 1734 815 1779; baseline 0.001 -9"><span class='ocrx_word' id='word_1_210' title='bbox 43 1734 142 1772; x_wconf 87' lang='lat' dir='ltr'>invenire</span> <span class='ocrx_word' id='word_1_211' title='bbox 160 1735 335 1772; x_wconf 88' lang='lat' dir='ltr'>misericordiam</span> <span class='ocrx_word' id='word_1_212' title='bbox 353 1738 374 1773; x_wconf 91' lang='lat' dir='ltr'>et</span> <span class='ocrx_word' id='word_1_213' title='bbox 390 1736 457 1772; x_wconf 88' lang='lat' dir='ltr'>vitam</span> <span class='ocrx_word' id='word_1_214' title='bbox 476 1737 585 1773; x_wconf 84' lang='lat' dir='ltr'>aeternam</span> <span class='ocrx_word' id='word_1_215' title='bbox 594 1748 611 1773; x_wconf 90' lang='lat'>».</span> <span class='ocrx_word' id='word_1_216' title='bbox 630 1734 662 1773; x_wconf 82' lang='lat' dir='ltr'>Cf.</span> <span class='ocrx_word' id='word_1_217' title='bbox 680 1735 727 1772; x_wconf 88' lang='lat' dir='ltr'>Dan</span> <span class='ocrx_word' id='word_1_218' title='bbox 746 1735 764 1779; x_wconf 86' lang='grc'><strong>4,</strong></span> <span class='ocrx_word' id='word_1_219' title='bbox 783 1735 815 1772; x_wconf 88' lang='lat'>24.</span> 
     </span>
    </p>
   </div>
   <div class='ocr_carea' id='block_1_7' title="bbox 97 1818 870 1864">
    <p class='ocr_par' dir='ltr' id='par_1_7' title="bbox 97 1818 870 1864">
     <span class='ocr_line' id='line_1_24' title="bbox 97 1818 870 1864; baseline 0 -9"><span class='ocrx_word' id='word_1_220' title='bbox 97 1818 290 1856; x_wconf 87' lang='lat' dir='ltr'>Generatim:</span> <span class='ocrx_word' id='word_1_221' title='bbox 317 1820 499 1863; x_wconf 87' lang='lat' dir='ltr'>cooperatio</span> <span class='ocrx_word' id='word_1_222' title='bbox 521 1820 629 1864; x_wconf 78' lang='lat' dir='ltr'>requitur:</span> <span class='ocrx_word' id='word_1_223' title='bbox 647 1819 704 1856; x_wconf 90' lang='lat' dir='ltr'>Zach</span> <span class='ocrx_word' id='word_1_224' title='bbox 721 1820 738 1863; x_wconf 89' lang='lat'>1,</span> <span class='ocrx_word' id='word_1_225' title='bbox 754 1820 777 1857; x_wconf 87' lang='lat'>3:</span> <span class='ocrx_word' id='word_1_226' title='bbox 797 1819 870 1857; x_wconf 77' lang='lat' dir='ltr'>«Con-</span> 
     </span>
    </p>
   </div>
   <div class='ocr_carea' id='block_1_8' title="bbox 44 1890 869 2078">
    <p class='ocr_par' dir='ltr' id='par_1_8' title="bbox 44 1890 869 2078">
     <span class='ocr_line' id='line_1_25' title="bbox 44 1890 869 1948; baseline 0.002 -22"><span class='ocrx_word' id='word_1_227' title='bbox 44 1890 155 1927; x_wconf 88' lang='lat' dir='ltr'>vertimini</span> <span class='ocrx_word' id='word_1_228' title='bbox 173 1890 200 1948; x_wconf 84' lang='lat' dir='ltr'>ad</span> <span class='ocrx_word' id='word_1_229' title='bbox 218 1901 258 1936; x_wconf 84' lang='lat' dir='ltr'>me,</span> <span class='ocrx_word' id='word_1_230' title='bbox 276 1891 306 1928; x_wconf 89' lang='lat' dir='ltr'>ait</span> <span class='ocrx_word' id='word_1_231' title='bbox 323 1891 429 1928; x_wconf 88' lang='lat' dir='ltr'>Dominus</span> <span class='ocrx_word' id='word_1_232' title='bbox 445 1892 587 1935; x_wconf 83' lang='lat' dir='ltr'>exercituum,</span> <span class='ocrx_word' id='word_1_233' title='bbox 607 1896 627 1929; x_wconf 92' lang='lat' dir='ltr'>et</span> <span class='ocrx_word' id='word_1_234' title='bbox 644 1894 760 1928; x_wconf 86' lang='lat' dir='ltr'>convertar</span> <span class='ocrx_word' id='word_1_235' title='bbox 778 1891 806 1928; x_wconf 88' lang='lat' dir='ltr'>ad</span> <span class='ocrx_word' id='word_1_236' title='bbox 824 1902 869 1935; x_wconf 89' lang='lat' dir='ltr'>vos,</span> 
     </span>
     <span class='ocr_line' id='line_1_26' title="bbox 45 1961 867 2007; baseline 0.001 -8"><span class='ocrx_word' id='word_1_237' title='bbox 45 1961 99 1999; x_wconf 90' lang='lat' dir='ltr'>dicit</span> <span class='ocrx_word' id='word_1_238' title='bbox 116 1962 222 1999; x_wconf 89' lang='lat' dir='ltr'>Dominus</span> <span class='ocrx_word' id='word_1_239' title='bbox 241 1963 386 2000; x_wconf 83' lang='lat' dir='ltr'>exercituum»</span> <span class='ocrx_word' id='word_1_240' title='bbox 410 1963 454 2004; x_wconf 85' lang='lat' dir='ltr'>(cit.</span> <span class='ocrx_word' id='word_1_241' title='bbox 474 1974 486 2000; x_wconf 94' lang='lat' dir='ltr'>a</span> <span class='ocrx_word' id='word_1_242' title='bbox 504 1973 566 2001; x_wconf 86' lang='lat' dir='ltr'>eone.</span> <span class='ocrx_word' id='word_1_243' title='bbox 584 1962 650 2005; x_wconf 82' lang='lat' dir='ltr'>trid).</span> <span class='ocrx_word' id='word_1_244' title='bbox 667 1986 696 1990; x_wconf 88' lang='lat'>—-</span> <span class='ocrx_word' id='word_1_245' title='bbox 714 1964 724 2000; x_wconf 90' lang='lat'>1</span> <span class='ocrx_word' id='word_1_246' title='bbox 744 1963 788 2007; x_wconf 75' lang='lat' dir='ltr'>neg</span> <span class='ocrx_word' id='word_1_247' title='bbox 808 1964 826 2006; x_wconf 94' lang='grc'><strong>7,</strong></span> <span class='ocrx_word' id='word_1_248' title='bbox 845 1963 867 2000; x_wconf 84' lang='grc'>3;</span> 
     </span>
     <span class='ocr_line' id='line_1_27' title="bbox 45 2033 744 2078; baseline 0.004 -9"><span class='ocrx_word' id='word_1_249' title='bbox 45 2033 193 2077; x_wconf 68' lang='lat' dir='ltr'>«Praeparate</span> <span class='ocrx_word' id='word_1_250' title='bbox 210 2034 276 2071; x_wconf 87' lang='lat' dir='ltr'>corda</span> <span class='ocrx_word' id='word_1_251' title='bbox 291 2038 362 2071; x_wconf 89' lang='lat' dir='ltr'>vestra</span> <span class='ocrx_word' id='word_1_252' title='bbox 377 2035 490 2072; x_wconf 90' lang='lat' dir='ltr'>Domino»</span> <span class='ocrx_word' id='word_1_253' title='bbox 512 2035 556 2077; x_wconf 83' lang='lat' dir='ltr'>(cit.</span> <span class='ocrx_word' id='word_1_254' title='bbox 573 2046 585 2072; x_wconf 91' lang='lat' dir='ltr'>a</span> <span class='ocrx_word' id='word_1_255' title='bbox 601 2045 663 2072; x_wconf 88' lang='lat' dir='ltr'>conc.</span> <span class='ocrx_word' id='word_1_256' title='bbox 678 2034 744 2078; x_wconf 78' lang='lat' dir='ltr'>trid).</span> 
     </span>
    </p>
   </div>
   <div class='ocr_carea' id='block_1_9' title="bbox 44 2117 872 2666">
    <p class='ocr_par' dir='ltr' id='par_1_9' title="bbox 44 2117 872 2666">
     <span class='ocr_line' id='line_1_28' title="bbox 97 2117 870 2162; baseline 0.001 -8"><span class='ocrx_word' id='word_1_257' title='bbox 97 2117 153 2161; x_wconf 79' lang='lat' dir='ltr'>Ergo</span> <span class='ocrx_word' id='word_1_258' title='bbox 167 2117 233 2155; x_wconf 91' lang='lat' dir='ltr'>horno</span> <span class='ocrx_word' id='word_1_259' title='bbox 249 2118 332 2155; x_wconf 87' lang='lat' dir='ltr'>actibus</span> <span class='ocrx_word' id='word_1_260' title='bbox 349 2118 393 2155; x_wconf 91' lang='lat' dir='ltr'>suis</span> <span class='ocrx_word' id='word_1_261' title='bbox 409 2128 539 2156; x_wconf 86' lang='lat' dir='ltr'>concurrere</span> <span class='ocrx_word' id='word_1_262' title='bbox 557 2119 621 2156; x_wconf 89' lang='lat' dir='ltr'>dehet</span> <span class='ocrx_word' id='word_1_263' title='bbox 637 2119 665 2156; x_wconf 88' lang='lat' dir='ltr'>ad</span> <span class='ocrx_word' id='word_1_264' title='bbox 680 2119 794 2162; x_wconf 85' lang='lat' dir='ltr'>propriam</span> <span class='ocrx_word' id='word_1_265' title='bbox 810 2119 870 2156; x_wconf 88' lang='lat' dir='ltr'>iusti-</span> 
     </span>
     <span class='ocr_line' id='line_1_29' title="bbox 44 2188 871 2238; baseline 0.004 -13"><span class='ocrx_word' id='word_1_266' title='bbox 44 2188 173 2226; x_wconf 88' lang='lat' dir='ltr'>ficationem.</span> <span class='ocrx_word' id='word_1_267' title='bbox 190 2189 230 2227; x_wconf 91' lang='lat' dir='ltr'>His</span> <span class='ocrx_word' id='word_1_268' title='bbox 247 2190 332 2238; x_wconf 26' lang='lat' dir='ltr'>actibus·</span> <span class='ocrx_word' id='word_1_269' title='bbox 348 2190 451 2227; x_wconf 88' lang='lat' dir='ltr'>convenit</span> <span class='ocrx_word' id='word_1_270' title='bbox 468 2190 565 2228; x_wconf 88' lang='lat' dir='ltr'>definitio</span> <span class='ocrx_word' id='word_1_271' title='bbox 584 2190 735 2234; x_wconf 82' lang='lat' dir='ltr'>dispositionis</span> <span class='ocrx_word' id='word_1_272' title='bbox 753 2201 819 2235; x_wconf 87' lang='lat' dir='ltr'>supra</span> <span class='ocrx_word' id='word_1_273' title='bbox 836 2202 871 2228; x_wconf 86' lang='lat' dir='ltr'>ex-</span> 
     </span>
     <span class='ocr_line' id='line_1_30' title="bbox 44 2260 871 2307; baseline 0.002 -10"><span class='ocrx_word' id='word_1_274' title='bbox 44 2260 124 2298; x_wconf 87' lang='lat' dir='ltr'>hibita:</span> <span class='ocrx_word' id='word_1_275' title='bbox 143 2261 171 2297; x_wconf 88' lang='lat' dir='ltr'>iis</span> <span class='ocrx_word' id='word_1_276' title='bbox 189 2261 247 2298; x_wconf 87' lang='lat' dir='ltr'>enim</span> <span class='ocrx_word' id='word_1_277' title='bbox 262 2262 329 2299; x_wconf 88' lang='lat' dir='ltr'>homo</span> <span class='ocrx_word' id='word_1_278' title='bbox 345 2273 367 2301; x_wconf 82' lang='lat' dir='ltr'>se</span> <span class='ocrx_word' id='word_1_279' title='bbox 385 2266 500 2306; x_wconf 83' lang='lat' dir='ltr'>praeparat</span> <span class='ocrx_word' id='word_1_280' title='bbox 519 2266 539 2299; x_wconf 89' lang='lat' dir='ltr'>et</span> <span class='ocrx_word' id='word_1_281' title='bbox 555 2262 623 2306; x_wconf 79' lang='lat' dir='ltr'>magis</span> <span class='ocrx_word' id='word_1_282' title='bbox 640 2263 750 2307; x_wconf 78' lang='lat' dir='ltr'>magisque</span> <span class='ocrx_word' id='word_1_283' title='bbox 767 2263 871 2300; x_wconf 90' lang='lat' dir='ltr'>idoneum</span> 
     </span>
     <span class='ocr_line' id='line_1_31' title="bbox 45 2332 871 2379; baseline 0.004 -11"><span class='ocrx_word' id='word_1_284' title='bbox 45 2332 118 2369; x_wconf 86' lang='lat' dir='ltr'>reddit</span> <span class='ocrx_word' id='word_1_285' title='bbox 136 2332 164 2369; x_wconf 86' lang='lat' dir='ltr'>ad</span> <span class='ocrx_word' id='word_1_286' title='bbox 183 2332 359 2370; x_wconf 88' lang='lat' dir='ltr'>iustificationem</span> <span class='ocrx_word' id='word_1_287' title='bbox 378 2334 537 2379; x_wconf 65' lang='lat' dir='ltr'>recipiendam</span> <span class='ocrx_word' id='word_1_288' title='bbox 557 2344 621 2370; x_wconf 84' lang='lat' dir='ltr'>verus</span> <span class='ocrx_word' id='word_1_289' title='bbox 639 2345 725 2378; x_wconf 82' lang='lat' dir='ltr'>quoque</span> <span class='ocrx_word' id='word_1_290' title='bbox 744 2345 812 2372; x_wconf 88' lang='lat' dir='ltr'>nexus</span> <span class='ocrx_word' id='word_1_291' title='bbox 831 2339 871 2371; x_wconf 88' lang='lat' dir='ltr'>sta-</span> 
     </span>
     <span class='ocr_line' id='line_1_32' title="bbox 45 2404 872 2450; baseline 0.004 -10"><span class='ocrx_word' id='word_1_292' title='bbox 45 2404 113 2441; x_wconf 85' lang='lat' dir='ltr'>tuitur</span> <span class='ocrx_word' id='word_1_293' title='bbox 126 2404 184 2441; x_wconf 91' lang='lat' dir='ltr'>inter</span> <span class='ocrx_word' id='word_1_294' title='bbox 198 2404 248 2442; x_wconf 90' lang='lat' dir='ltr'>illos</span> <span class='ocrx_word' id='word_1_295' title='bbox 264 2407 324 2442; x_wconf 87' lang='lat' dir='ltr'>actus</span> <span class='ocrx_word' id='word_1_296' title='bbox 339 2408 360 2442; x_wconf 86' lang='lat' dir='ltr'>et</span> <span class='ocrx_word' id='word_1_297' title='bbox 374 2405 561 2443; x_wconf 84' lang='lat' dir='ltr'>iustificationem:</span> <span class='ocrx_word' id='word_1_298' title='bbox 579 2405 704 2443; x_wconf 85' lang='lat' dir='ltr'>iustificatio</span> <span class='ocrx_word' id='word_1_299' title='bbox 719 2409 752 2443; x_wconf 89' lang='lat' dir='ltr'>est</span> <span class='ocrx_word' id='word_1_300' title='bbox 767 2406 816 2450; x_wconf 86' lang='lat' dir='ltr'>fide,</span> <span class='ocrx_word' id='word_1_301' title='bbox 831 2417 872 2450; x_wconf 86' lang='lat' dir='ltr'>per</span> 
     </span>
     <span class='ocr_line' id='line_1_33' title="bbox 44 2475 871 2522; baseline 0.004 -10"><span class='ocrx_word' id='word_1_302' title='bbox 44 2475 115 2520; x_wconf 80' lang='lat' dir='ltr'>tidem,</span> <span class='ocrx_word' id='word_1_303' title='bbox 131 2487 157 2513; x_wconf 85' lang='lat' dir='ltr'>ex</span> <span class='ocrx_word' id='word_1_304' title='bbox 172 2475 221 2520; x_wconf 84' lang='lat' dir='ltr'>fide,</span> <span class='ocrx_word' id='word_1_305' title='bbox 236 2477 340 2521; x_wconf 86' lang='lat' dir='ltr'>quoniam</span> <span class='ocrx_word' id='word_1_306' title='bbox 356 2477 446 2514; x_wconf 88' lang='lat' dir='ltr'>multum</span> <span class='ocrx_word' id='word_1_307' title='bbox 464 2477 549 2522; x_wconf 87' lang='lat' dir='ltr'>dilexit;</span> <span class='ocrx_word' id='word_1_308' title='bbox 565 2477 631 2515; x_wconf 90' lang='lat' dir='ltr'>timor</span> <span class='ocrx_word' id='word_1_309' title='bbox 647 2478 737 2522; x_wconf 87' lang='lat' dir='ltr'>expellit</span> <span class='ocrx_word' id='word_1_310' title='bbox 751 2481 871 2522; x_wconf 85' lang='lat' dir='ltr'>peccatum,</span> 
     </span>
     <span class='ocr_line' id='line_1_34' title="bbox 44 2547 871 2592; baseline 0.004 -8"><span class='ocrx_word' id='word_1_311' title='bbox 44 2547 183 2591; x_wconf 82' lang='lat' dir='ltr'>eleemosyna</span> <span class='ocrx_word' id='word_1_312' title='bbox 198 2553 276 2592; x_wconf 81' lang='lat' dir='ltr'>purgat</span> <span class='ocrx_word' id='word_1_313' title='bbox 293 2552 388 2592; x_wconf 87' lang='lat' dir='ltr'>peccata,</span> <span class='ocrx_word' id='word_1_314' title='bbox 405 2549 459 2586; x_wconf 83' lang='lat' dir='ltr'>iacit</span> <span class='ocrx_word' id='word_1_315' title='bbox 476 2549 575 2586; x_wconf 91' lang='lat' dir='ltr'>invenire</span> <span class='ocrx_word' id='word_1_316' title='bbox 594 2549 661 2587; x_wconf 89' lang='lat' dir='ltr'>vitam</span> <span class='ocrx_word' id='word_1_317' title='bbox 679 2553 795 2587; x_wconf 86' lang='lat' dir='ltr'>aeternam.</span> <span class='ocrx_word' id='word_1_318' title='bbox 813 2550 871 2587; x_wconf 84' lang='lat' dir='ltr'>Haec</span> 
     </span>
     <span class='ocr_line' id='line_1_35' title="bbox 47 2619 787 2666; baseline 0.005 -11"><span class='ocrx_word' id='word_1_319' title='bbox 47 2619 120 2656; x_wconf 84' lang='lat' dir='ltr'>omnia</span> <span class='ocrx_word' id='word_1_320' title='bbox 137 2619 163 2657; x_wconf 91' lang='lat' dir='ltr'>de</span> <span class='ocrx_word' id='word_1_321' title='bbox 180 2619 226 2658; x_wconf 84' lang='lat' dir='ltr'>sola</span> <span class='ocrx_word' id='word_1_322' title='bbox 243 2620 373 2658; x_wconf 88' lang='lat' dir='ltr'>condicione</span> <span class='ocrx_word' id='word_1_323' title='bbox 390 2621 548 2665; x_wconf 83' lang='lat' dir='ltr'>praerequisita</span> <span class='ocrx_word' id='word_1_324' title='bbox 566 2621 610 2658; x_wconf 87' lang='lat' dir='ltr'>diei</span> <span class='ocrx_word' id='word_1_325' title='bbox 628 2632 672 2659; x_wconf 94' lang='lat' dir='ltr'>non</span> <span class='ocrx_word' id='word_1_326' title='bbox 689 2625 787 2666; x_wconf 90' lang='lat' dir='ltr'>possunt.</span> 
     </span>
    </p>
   </div>
   <div class='ocr_carea' id='block_1_10' title="bbox 0 0 990 3093">
    <p class='ocr_par' dir='ltr' id='par_1_10' title="bbox 0 0 990 3093">
     <span class='ocr_line' id='line_1_36' title="bbox 0 0 990 3093; baseline 0 0"><span class='ocrx_word' id='word_1_327' title='bbox 0 0 990 3093; x_wconf 95' lang='lat' dir='ltr'> </span> 
     </span>
    </p>
   </div>
  </div>
 </body>
</html>
