1952 3093
458 48 580 89 -316-

101 169 141 207 hus
154 159 354 214 supernaturalibus
366 170 473 207 instructo
486 181 532 207 esse
542 170 631 207 eosdem
642 172 710 206 actus.
723 170 747 206 In
760 169 795 206 his
808 172 879 207 autem
889 169 927 207 ho,-

102 242 197 280 minibus
210 242 237 279 ad
250 242 298 285 hoc,
313 246 335 280 ut
350 243 402 279 tales
417 244 477 279 aetus
491 242 665 287 supernaturales
679 242 784 285 oriantur,
799 252 843 279 non
858 241 927 286 requi-

102 314 158 351 ritur
171 314 261 351 elevatio
276 317 337 351 antea
353 314 461 357 descripta
477 314 563 351 interna
581 314 630 358 (per
645 324 682 350 ens
696 313 773 356 fluens)
790 315 823 351 vel
839 316 927 351 externa

103 388 217 429 facultatis,
236 398 284 423 cum
302 398 341 430 per
358 388 444 424 habitus
463 388 636 430 supernaturales
655 387 698 423 iam
716 387 772 424 adsit
788 387 885 430 potentia
902 387 928 423 ad

102 463 162 497 actus
176 459 287 496 entitative
301 461 481 503 supernaturales.
495 460 520 495 In
534 460 578 497 illis
591 469 641 503 ergo
653 460 722 502 gratia
736 454 883 496 actualis'non
898 470 929 495 re-

103 532 197 575 quiritur
207 543 232 567 ex
244 544 267 568 ea
278 533 376 574 praemse
387 532 476 574 ratione,
487 536 510 568 ut
520 533 617 574 potentia
627 532 734 568 adactum
744 531 928 575 supernaturalem

103 605 165 641 adsit.

156 676 283 719 Disputatur
295 676 353 712 inter
364 677 475 719 theologos
487 679 558 712 utrum
571 677 594 712 in
607 676 695 712 homine
708 676 764 712 iusto
776 675 845 719 gratia
858 679 928 712 actua·

102 747 136 792 lis,
146 751 251 792 quatenus
261 751 293 784 est
304 748 397 793 elevans,
409 748 497 785 omnino
509 748 631 784 necessaria
642 748 676 784 sit.
688 747 730 784 Alii
737 751 762 791 ⁵⁰,
775 747 831 790 Soto,
842 747 928 787 Melina,

103 830 119 856 s.
132 819 270 863 Bellarmino‚
282 819 353 863 Billot‚
366 822 454 864 negant;
466 820 510 863 alii,
521 820 626 863 Perenne,
638 819 743 862 Mazzella,
756 819 831 862 Pesch,
845 818 928 863 Hugon,

103 892 182 929 Beraza
194 892 310 936 affirmant3
323 893 431 936 aliquibus
444 892 530 929 videtur
544 892 650 929 sententia
662 892 771 929 affirmans
785 892 862 935 dogma
873 890 930 934 fidei,

104 964 153 1001 aliis
165 964 272 1001 sententia
285 964 422 1001 communior
433 964 467 1000 vel
478 964 620 1007 probabilior.
632 963 680 1000 Iure
694 964 785 1000 fortasse
798 963 873 1008 quaeri
884 966 930 1006 pot-

104 1039 142 1080 est,
156 1040 227 1073 utrum
243 1047 318 1073 omnes
334 1036 482 1081 quaestionem
498 1037 573 1073 eodem
590 1047 654 1074 sensu
670 1036 823 1079 intelligantffl.

159 1109 259 1153 Quaesti0
274 1118 323 1152 ergo
339 1112 376 1152 est,
389 1112 461 1146 utrum
475 1109 532 1145 Deus
546 1110 567 1145 in
582 1108 670 1146 homine
684 1108 740 1145 iusto
756 1111 815 1147 actus
830 1118 931 1150 superna-

105 1181 191 1225 turales,
206 1180 316 1223 imprimis
331 1181 493 1223 indeliberatos,
509 1183 587 1223 causet,
602 1180 639 1225 qui
656 1180 699 1216 sint
715 1180 789 1225 gratia,
805 1189 855 1223 ergo
871 1179 930 1223 prin-

106 1253 188 1296 cipium
201 1255 288 1289 actuum
301 1253 433 1296 salutarium,
446 1256 466 1289 et
479 1253 566 1296 quidem
581 1256 654 1289 causet
669 1262 714 1289 non
726 1252 795 1289 solum
808 1261 930 1295 proponen-

107 1325 134 1362 do
152 1325 260 1362 obiectum
281 1325 358 1368 (gratia
376 1324 478 1365 externa).
497 1325 534 1360 sed
551 1325 684 1361 intrinsecus
701 1324 812 1367 operando
829 1326 890 1360 actus
908 1324 929 1359 in

106 1397 154 1439 ipsa
168 1397 269 1434 facultate
282 1396 351 1433 vitali.

158 1468 184 1505 Et
198 1468 295 1512 quaestio
312 1469 344 1505 sic
360 1469 472 1511 proposita
487 1469 577 1505 omnino
592 1468 677 1504 videtur
692 1468 825 1505 affirmanda.
841 1467 930 1504 Plurimi

107 1540 165 1577 enim
177 1543 247 1577 textus
258 1540 281 1576 in
293 1541 348 1577 thesi
361 1540 420 1577 allati
436 1540 500 1580 (Deus
512 1544 615 1583 operatur
625 1540 648 1576 in
661 1540 724 1576 nobis
735 1539 781 1576 sine
794 1539 863 1582 nobis,
875 1539 932 1576 Deus

107 1612 220 1655 illuminat,
233 1612 327 1655 inspirat
339 1612 386 1654 etc.)
401 1614 450 1649 sunt
463 1612 595 1649 universales
609 1615 629 1649 et
641 1613 713 1649 valent
725 1621 769 1649 non
781 1612 850 1649 solum
863 1611 889 1647 de
900 1611 932 1647 in>

106 1684 212 1727 fidelihus,
226 1684 264 1720 sed
279 1684 342 1720 etiam
356 1684 382 1721 de
396 1683 468 1727 iustis3
482 1684 505 1719 in
518 1684 552 1720 his
566 1687 637 1721 autem
650 1684 748 1726 praecise
762 1683 874 1720 invenitur
886 1692 932 1726 gra-

108 1756 137 1792 tia
152 1756 248 1798 actualis,
263 1755 398 1798 principium
413 1758 472 1792 actus
487 1756 593 1793 salutaris.
606 1755 709 1799 Essetque
723 1766 757 1792 res
771 1756 823 1792 satis
837 1755 899 1797 mira,
914 1754 931 1791 si

108 1828 172 1865 borno
188 1828 283 1864 vitaliter
299 1839 346 1864 cum
365 1827 450 1864 Christo
466 1827 521 1864 sicut
536 1829 618 1871 palmes
636 1838 684 1863 cum
700 1828 744 1864 rite
761 1827 889 1865 coniunctus
904 1827 932 1863 ab

108 1912 133 1937 eo
147 1900 256 1943 acciperet
272 1900 341 1936 solum
357 1899 493 1942 principium
507 1900 571 1936 vitale
588 1904 608 1936 et
624 1900 732 1942 potentias
748 1899 775 1936 ad
791 1899 932 1943 operandum,

108 1982 151 2008 non
167 1974 237 2008 autem
252 1971 302 2008 vitis
318 1983 393 2008 sucum
410 1970 509 2008 influeret
525 1971 546 2007 in
564 1971 663 2014 palmites
681 1971 707 2007 ad
725 1971 807 2008 fructus
824 1970 933 2012 ferendos.

110 2044 220 2081 Praeterea
236 2044 293 2080 Deus
308 2044 331 2080 in
347 2044 419 2080 anima
433 2043 484 2079 iusti
501 2043 607 2080 inhabitat
623 2046 643 2080 et
658 2043 746 2087 quidem
762 2043 880 2080 secundum
898 2043 933 2079 do-

109 2115 201 2152 ctrinam
214 2115 300 2152 Patrum
314 2115 412 2158 praecise
423 2115 459 2157 ita,
473 2118 495 2151 ut
508 2116 591 2152 occulte
603 2116 625 2151 in
639 2115 666 2152 iis
680 2118 733 2158 agat,
746 2118 769 2152 ut
781 2115 886 2159 impleant
898 2126 933 2152 vo-

109 2188 212 2224 luntatem
229 2187 305 2230 Patris,
321 2191 344 2225 ut
359 2187 427 2231 magis
442 2189 579 2231 renoventur,
597 2187 759 2224 sanctificentur
776 2190 796 2224 et
812 2186 933 2231 proficiant.

162 2259 209 2296 Alia
228 2262 259 2296 est
277 2259 374 2303 quaestio
391 2263 463 2296 utrum
482 2261 541 2295 actus
561 2259 734 2301 supernaturales
753 2258 891 2296 indeliberati
911 2260 932 2294 in

158 2407 175 2428 5⁰
187 2403 236 2436 Vide
249 2403 318 2442 Lange,
330 2413 360 2435 nr.
373 2404 413 2436 531.

158 2467 175 2488 51
188 2464 231 2496 Non
244 2464 310 2501 agitur
322 2464 344 2496 de
356 2464 473 2496 necessitate
487 2464 561 2502 gratiae
576 2463 659 2497 actualis
674 2463 794 2503 inquantum
808 2466 837 2497 est
851 2473 933 2503 sanans;

110 2525 138 2556 sic
151 2533 194 2556 eam
206 2524 338 2557 necessariam
350 2517 391 2557 e'sse
404 2524 463 2556 etiam
477 2533 512 2562 pro
526 2524 584 2556 iustis
597 2524 648 2556 thesi
660 2523 682 2556 12
693 2523 799 2563 probatum
812 2526 850 2562 est;
864 2526 935 2557 notan-

112 2586 157 2618 dum
172 2588 239 2619 tamen
253 2587 282 2618 est
296 2584 347 2618 hanc
360 2585 498 2618 necessitatem
510 2595 550 2617 non
563 2586 657 2618 exsistere
669 2595 704 2623 pro
719 2585 773 2617 omui
789 2587 833 2618 actu
847 2584 937 2624 virtutis;

111 2648 157 2679 sunt
167 2647 220 2678 enim
231 2646 291 2678 etiam
302 2648 356 2678 actus
368 2647 465 2678 virtutum
477 2646 552 2684 faciles,
563 2646 588 2678 ad
598 2655 647 2685 quos
659 2645 758 2678 auxilium
770 2655 842 2679 sanans
854 2655 894 2678 nou
906 2648 935 2679 est

110 2707 249 2740 necessarium.
