1952 3093
372 670 461 726 PARS
480 669 621 731 QUINTA

119 789 120 792 ‘
180 825 241 878 ue
276 806 553 877 efficacii
586 822 814 879 naariae

134 1075 250 1119 Postquam
267 1075 293 1111 de
309 1078 386 1111 natura
401 1074 485 1117 gratiae
498 1075 589 1110 actualis
606 1074 688 1110 dictum
705 1077 742 1116 est,
758 1074 802 1110 iam
820 1074 846 1110 de
863 1074 908 1110 eius

81 1145 177 1183 efficacia
194 1147 308 1189 agendum.
324 1145 397 1183 Gratia
414 1145 504 1183 actualis
521 1145 584 1183 datur
601 1146 629 1182 ad
645 1145 759 1189 ponendos
776 1148 836 1182 actus
854 1145 909 1182 salu-

82 1222 147 1263 tares3
164 1221 223 1255 actus
239 1218 343 1255 salutares
357 1220 407 1255 sunt
422 1220 481 1255 actus
495 1217 566 1255 liberi.
581 1217 606 1254 In
622 1220 671 1254 actu
687 1218 775 1254 salutari
791 1227 909 1260 cooperan-

81 1293 117 1326 tur
127 1290 197 1333 gratia
209 1293 230 1327 et
241 1290 335 1330 liberum
346 1289 467 1333 arbitrium,
480 1290 515 1327 vel
527 1290 615 1327 melius:
630 1289 723 1326 liberum
737 1289 853 1326 arbitrium
863 1298 909 1332 gra-

84 1364 112 1399 tia
126 1362 250 1406 excitatum,
263 1364 410 1406 praeventum,
423 1363 528 1399 elevatum
542 1365 645 1406 operatur
658 1362 726 1405 gratia
741 1362 838 1399 adiutum
852 1366 913 1398 actus

84 1435 194 1472 salutares.

138 1507 258 1551 Quaeritur,
276 1510 348 1544 utrum
366 1518 400 1544 rcs
419 1507 449 1544 ita
466 1518 488 1544 se
506 1507 591 1552 habeat,
608 1511 631 1545 ut
649 1508 830 1551 quandocumque
847 1507 912 1544 homo

83 1580 152 1623 gratia
167 1580 196 1616 ad
212 1577 283 1617 actum
300 1579 416 1616 salutarem
431 1579 558 1623 ponendum
576 1579 687 1623 excitetur,
704 1580 769 1617 homo
786 1579 856 1617 libera
873 1591 910 1617 sua

82 1652 191 1689 voluntate
206 1652 287 1695 gratiae
302 1651 424 1688 consentiat
437 1655 458 1688 et
473 1654 532 1688 actus
547 1652 647 1688 salutaris
662 1651 688 1689 de
704 1651 761 1689 facto
777 1652 866 1695 oriatur,
882 1651 916 1689 ans

83 1723 147 1761 etiam
164 1723 269 1767 possibile
288 1724 322 1768 sit,
340 1723 451 1760 hominem
468 1723 536 1767 gratia
555 1724 643 1768 quidem
662 1714 821 1769 excitarinon
839 1727 909 1780 autem

82 1795 192 1833 voluntate
210 1806 249 1833 sua
265 1795 395 1840 consentire,
413 1795 443 1833 ita
458 1799 483 1833 ut
499 1779 568 1840 gratia
583 1796 672 1840 quidem
691 1796 759 1841 detur,
778 1799 837 1833 actus
856 1784 910 1834 saiu-

83 1868 136 1904 taris
150 1870 221 1905 autem
234 1878 278 1905 non
292 1870 399 1912 sequatur.
413 1867 439 1905 Et
452 1868 471 1905 si
484 1868 526 1905 hoc
541 1868 645 1911 possibile
659 1859 696 1914 est,
712 1869 813 1906 decratne
827 1869 909 1913 aliquid

83 1940 105 1975 in
117 1940 166 1984 ipsa
175 1933 251 1984 gratia,
262 1940 320 1977 unde
332 1940 380 1983 ipsa
392 1950 436 1977 non
448 1939 555 1977 sufficeret
567 1940 594 1977 ad
606 1940 654 1984 hoc,
665 1944 688 1977 ut
699 1952 749 1978 vere
759 1941 825 1978 homo
837 1944 910 1985 posset

83 2022 165 2054 ponere
182 2015 254 2049 actum
273 2012 394 2056 salutarem,
413 2022 440 2049 an
459 2015 505 2050 erat
521 2012 590 2056 gratia
608 2012 697 2057 quidem
716 2012 831 2057 sufficiens,
848 2010 909 2051 actus

84 2086 155 2121 autem
174 2084 275 2121 salutaris
293 2087 410 2128 propterea
429 2094 473 2121 non
494 2085 629 2129 sequebatur,
649 2084 700 2129 quia
719 2085 791 2129 homo,
812 2087 910 2130 quamvis

84 2149 160 2199 potuit,
175 2159 247 2194 actum
261 2157 324 2193 illum
339 2167 421 2200 ponere
437 2156 513 2194 noluit.
773 2147 775 2150 ⁵

96 2221 98 2225 ⁴
120 2217 122 2221 ¹
136 2227 209 2266 Gratia
223 2239 277 2272 quae
292 2228 317 2266 de
332 2229 390 2266 facto
405 2239 455 2266 cum
470 2217 622 2267 salut-art‘actu
637 2230 754 2267 coniuncta
768 2233 806 2273 est,
822 2234 911 2268 vocatur

83 2300 152 2343 gratia
169 2288 310 2338 efficax.
335 2300 409 2339 Gratia
421 2312 475 2345 quae
488 2301 573 2345 sufficit,
586 2304 610 2338 ut
622 2305 682 2339 actus
697 2303 796 2339 salutaris
811 2314 860 2339 curn
873 2303 910 2339 illa
961 2334 962 2337 ,

84 2375 183 2417 ponatur,
196 2376 286 2410 vocatur
298 2373 367 2416 gratia
390 2384 460 2410 vere
484 2373 676 2419 sufficiens;
701 2378 724 2411 ut
737 2375 787 2412 talis
800 2375 834 2419 sit,
848 2375 911 2412 debet

84 2444 213 2488 completam
236 2436 336 2482 Conferre
356 2432 475 2488 potentiam
498 2446 526 2482 ad
548 2449 619 2483 actum
641 2434 910 2490 salutarem'ponendum.

84 2514 142 2553 Haec
153 2516 243 2554 ulterius
256 2517 360 2561 distingui
371 2520 452 2561 potest:
467 2517 486 2554 si
495 2530 515 2555 e.
526 2519 621 2561 gshomo
632 2519 773 2563 impugnatur
783 2519 854 2564 aliqua
867 2522 911 2557 ten-

84 2573 199 2626 tationeet
211 2589 303 2632 gratiam
314 2589 379 2626 habet
393 2589 421 2626 ad
434 2590 541 2627 orandum
553 2588 630 2634 Deum,
641 2593 665 2627 ut
678 2592 729 2628 dare
742 2592 794 2628 velit
806 2591 911 2629 auxilium

84 2658 113 2696 ad
125 2660 271 2704 superandam
284 2661 354 2704 ipsam
363 2662 514 2709 tentationem,
529 2663 598 2705 gratia
612 2662 665 2700 haec
690 2674 744 2707 pro
752 2664 830 2701 xime
856 2664 911 2702 suffi-

85 2730 145 2769 ciens
159 2736 190 2770 est
205 2733 232 2770 ad
244 2733 302 2770 hanc
316 2735 443 2778 orationem,
458 2745 501 2770 nou
516 2732 586 2771 autem
597 2735 699 2777 proxime
713 2736 821 2774 sufficiens
837 2736 864 2774 ad
879 2748 911 2774 su-
