1952 3093
392 79 513 118 451-

113 195 133 239 5)
150 196 249 235 Libertas
266 198 305 235 sub
323 200 419 237 motione
434 197 516 243 gratiae
533 209 577 237 non
594 192 698 256 servatur.
713 199 768 238 Nam
786 209 860 237 secun·

36 271 86 308 dum
104 269 236 307 Banezianos
256 271 324 314 gratia
343 271 424 309 efficax
445 276 476 311 est
494 272 587 316 physica
606 271 812 317 praedeterminatio
833 270 860 310 ad

35 345 105 380 actum
120 341 211 387 bonum;
227 353 275 380 cum
290 342 382 387 physica
396 344 630 388 praedeterminatione
646 347 716 383 autem
731 355 781 382 vera
796 343 861 382 liber-

36 419 67 452 tas
85 414 188 458 componi
206 415 287 459 nequit.
305 415 351 453 Hoc
368 417 415 454 fuse
433 416 547 470 probatum
566 420 597 455 est
614 418 638 454 in
656 411 748 456 tractatu
766 417 797 454 De
814 416 860 454 Deo

34 490 110 530 unolss,
124 487 162 524 uhi
175 487 241 525 etiam
256 491 365 525 ostensum
380 493 412 527 est
424 490 485 526 varia
500 489 587 534 effugia,
600 478 655 535 quae
669 489 790 533 excogitata
804 491 860 532 sunt,

35 570 80 597 esse
93 559 175 596 inania.
187 559 385 605 Quomodocunque
398 554 487 599 libertas
500 562 611 607 definitur,
625 563 649 600 id
663 565 721 600 certo
735 561 860 606 requiritur,

33 634 56 669 ut
72 631 163 669 facultas
178 632 272 676 seipsam
289 632 423 676 determinet,
438 643 488 678 ergo
504 634 657 672 antecedenter
672 634 700 672 ad
716 645 776 671 suam
792 634 860 671 deter-

34 703 174 741 minationem
189 704 217 742 sit
230 704 404 743 indeterminata.
418 705 511 750 Physica
526 709 596 744 autem
608 706 814 750 praedeterminatio
829 709 860 743 est

35 786 72 814 cns
88 779 183 813 creatum
198 778 221 813 in
237 780 336 815 creatura
351 781 468 821 receptum,
485 778 546 816 cuius
561 778 647 817 collatio
663 780 697 816 vel
712 789 756 816 non
773 778 859 816 collatio

35 861 46 886 a
60 848 129 886 libera
147 852 245 887 creatura
261 860 304 887 non
323 850 436 894 dependet,
454 855 474 888 et
489 862 531 895 quo
549 854 647 888 creatura
664 851 817 888 antecedenter
833 849 860 887 ad

34 921 145 965 propriam
161 921 363 959 determinationem
379 923 419 964 (est
433 922 491 960 enirn
505 923 569 960 huius
585 910 771 961 determinationis
787 921 859 962 causa)

34 993 77 1030 iam
90 993 221 1031 intrinsecus
234 996 254 1031 et
266 993 357 1038 physice
370 995 511 1032 determinata
525 998 556 1032 est
569 996 596 1032 ad
609 994 776 1034 determinatum
789 998 860 1031 actum

34 1065 165 1109 ponendum.
178 1065 233 1110 Ergo
246 1066 312 1103 relate
326 1066 353 1103 ad
367 1066 424 1103 hunc
437 1070 508 1104 actum
522 1077 566 1105 non
580 1067 623 1103 iam
636 1070 667 1104 est
680 1066 755 1109 libera.

34 1188 36 1190 q
88 1137 144 1174 Hinc
162 1138 227 1175 etiam
246 1142 283 1182 est,
302 1139 360 1183 quod
379 1138 478 1176 doctrina
498 1139 641 1177 conciliorum
659 1139 685 1176 de
703 1139 802 1176 libertate
821 1138 859 1176 sub

35 1210 130 1247 motione
148 1210 229 1253 gratiae
247 1220 290 1247 non
307 1210 350 1247 nisi
368 1221 432 1248 sensu
449 1211 544 1248 violento
562 1211 614 1248 huic
632 1211 743 1255 systemati
761 1210 862 1254 adaptari

35 1284 111 1325 potest.
126 1281 147 1319 Si
161 1282 220 1319 enim
233 1281 331 1319 Ecclesia
346 1283 409 1320 docet
416 1287 433 1308 ⁷4
447 1282 558 1320 hominem
573 1283 671 1327 recipcre
683 1283 781 1326 gratiam,
795 1292 859 1326 quam

35 1353 121 1391 abicere
134 1356 214 1398 potest;
230 1354 322 1391 liberum
337 1354 451 1392 arbitrium
467 1354 570 1392 excitanti
585 1355 630 1392 Deo
646 1358 666 1392 et
682 1355 769 1392 vocanti
783 1364 860 1397 coope-

35 1425 78 1463 rari
95 1428 115 1463 et
131 1437 195 1470 posse
212 1426 327 1463 dissentire
343 1427 360 1462 si
377 1426 438 1471 velit3
454 1426 565 1464 hominem
580 1425 672 1464 liberam
688 1428 799 1470 praestare
815 1425 859 1463 Deo

35 1497 181 1535 obedientiam
195 1498 350 1536 consentiendo
366 1502 387 1536 et
402 1498 540 1542 cooperando
554 1499 642 1542 gratiae,
658 1499 693 1536 cni
708 1498 808 1535 resistere
823 1508 860 1541 po-

35 1568 141 1615 testari-atq
157 1569 204 1607 sine
221 1569 287 1608 dubio
304 1580 379 1607 sensus
395 1573 437 1607 est:
456 1569 532 1607 Eidem
547 1570 635 1614 gratiae,
652 1571 687 1607 cui
702 1570 767 1607 homo
784 1580 860 1613 coope-

35 1645 100 1687 ratur,
113 1652 167 1687 quae
180 1652 230 1686 ergo
242 1645 274 1680 est
287 1642 374 1687 efficax,
385 1645 461 1686 potest,
475 1643 494 1679 si
507 1642 558 1686 vult,
572 1642 693 1685 dissentire,
706 1645 778 1685 potest
790 1642 861 1679 eidem

36 1714 144 1759 resistere;
164 1715 183 1751 si
201 1717 271 1751 autem
289 1714 342 1751 haec
360 1715 429 1757 gratia
446 1726 472 1751 ex
490 1717 567 1752 natura
584 1725 622 1751 sua
639 1713 730 1758 physice
748 1714 776 1751 ad
794 1724 860 1751 unum

36 1789 107 1823 actum
122 1786 311 1831 praedeterminat,
328 1787 358 1823 ita
374 1789 398 1823 ut
413 1797 438 1823 ex
454 1787 502 1830 ipsa
518 1789 595 1823 natura
610 1786 675 1823 huius
691 1786 779 1829 gratiae,
796 1785 860 1828 huius

36 1858 91 1902 entis
108 1858 174 1896 creati
193 1859 216 1895 in
234 1861 332 1896 creatura
350 1858 438 1901 recepti,
457 1858 605 1902 metaphysica
624 1861 729 1902 repugnet
745 1857 806 1895 illum
826 1842 863 1895 dess

36 1924 174 1967 terminatum
187 1934 259 1968 actum
276 1941 319 1967 nou
334 1931 393 1974 poni,
409 1930 474 1967 homo
491 1940 534 1967 non
551 1930 594 1967 iam
610 1932 681 1973 potest
696 1930 754 1967 hane
769 1930 860 1972 gratiam

35 2002 126 2046 abicere,
139 2002 190 2039 huic
203 2003 284 2046 gratiae
297 2002 412 2039 dissentire
424 2003 457 2038 vel
471 2002 577 2039 resistere.
591 2001 713 2039 Secundum
726 2001 860 2039 Banezianos

36 2073 152 2112 dicendum
167 2077 233 2112 esset:
249 2074 313 2112 horno
329 2077 399 2117 potest
415 2073 530 2111 dissentire
545 2074 579 2111 vel
592 2073 699 2117 resistere,
715 2074 791 2110 sinon
806 2060 861 2110 haec

35 2147 109 2191 gratia,
123 2146 177 2184 haec
192 2134 397 2190 praedeterminatlo
411 2145 503 2190 physica
518 2145 608 2189 adesset,
624 2145 662 2183 sed
675 2145 723 2189 alia,
738 2145 860 2189 praedeter-

36 2218 126 2256 minatio
142 2218 226 2256 scilicet
242 2218 334 2262 physica
352 2218 379 2255 ad
397 2220 468 2255 actum
485 2217 595 2255 dissensus
612 2218 646 2254 vel
663 2217 805 2255 resistentiae.
823 2216 860 2255 Co-

35 2294 114 2328 nantur
129 2291 216 2335 quidem
232 2290 328 2333 effugere
345 2290 508 2333 distinguendo:
526 2290 590 2327 homo
607 2299 650 2327 non
667 2292 738 2333 potest
754 2273 859 2327 actualem

37 2362 164 2407 dissensum,
182 2365 253 2400 actum
273 2362 423 2405 dissentiendi,
443 2362 573 2406 coniungere
592 2372 640 2398 cum
660 2361 752 2405 physica
771 2361 860 2404 praede-

36 2435 194 2478 terminatione,
226 2435 264 2471 sed
279 2484 281 2486 q
296 2434 355 2471 adest
386 2433 492 2488 potentia,
514 2432 664 2471 dissentiendi.
696 2433 759 2470 Nunc
790 2437 860 2471 autem

84 2594 101 2616 ⁷³
114 2590 170 2624 Thes.
183 2593 199 2624 9.

83 2678 101 2700 74
114 2675 186 2709 Textus
203 2676 247 2708 vide
265 2685 324 2715 supra
341 2683 384 2714 pag.
402 2675 442 2708 325.

84 2735 135 2764 ardis
151 2736 208 2769 Cone.
224 2738 269 2775 vat„
284 2736 337 2770 Denz
352 2735 404 2769 1791.
