1952 3093
450 116 573 154 -220-

97 233 156 283 quod
167 239 195 275 sit
205 238 325 276 secundum
334 238 424 276 modum
435 238 469 275 vel
481 238 545 276 eti-arn
557 238 669 276 entitative
679 238 850 282 supernaturale,
862 239 925 282 quale

97 311 122 347 iu
138 311 248 355 praesenti
264 311 342 348 ordine
361 311 386 348 de
404 310 463 348 facto
480 311 549 348 datur.
567 308 614 348 Hoc
631 310 736 348 auxilium
755 314 924 355 supernaturale,

98 383 144 420 sive
159 383 230 427 quoad
245 382 340 426 modurn,
356 383 403 420 sive
418 383 536 428 entitative,
549 383 572 419 in
586 383 696 426 praesenti
711 382 788 420 ordine
804 382 859 419 iliud
874 394 926 426 quo-

98 465 139 498 que
150 457 251 498 praestat,
264 455 323 498 quod
334 454 360 491 in»
370 454 448 492 ordine
459 458 548 492 naturae
559 465 626 498 purae
639 454 743 491 auxilium
756 465 815 491 mere
827 455 926 492 naturale

98 526 248 569 praestitisset.
263 526 290 562 Et
304 526 335 563 sic
350 537 425 563 verum
439 530 513 563 manet
525 526 580 563 illud
595 526 699 564 auxilium
714 526 851 572 medicinale,
866 527 925 570 quod

98 598 121 634 in
137 595 247 642 praesenti
262 597 340 635 ordine
355 601 445 642 propter
460 598 538 635 merita
553 596 633 635 Christi
651 598 719 643 datur,
736 609 782 635 esse
798 608 848 635 vere
865 597 925 635 inde-

98 670 174 713 bitum,
188 681 238 707 vere
251 663 349 714 gratiam.
364 670 472 714 Quamdiu
485 670 551 708 homo
566 672 598 708 est
612 671 635 706 in
650 671 696 707 solo
711 673 800 714 peceato
816 670 925 714 originali,

99 735 203 780 auxilium
218 742 355 787 medicinale,
369 744 439 787 gratia
453 753 539 787 sanans,
554 753 640 787 semper
654 743 687 779 1111
701 745 788 786 praesto
804 745 841 787 est,
858 743 925 780 etsie

100 815 125 852 de
138 816 197 852 11010
210 815 247 851 1111
261 815 346 851 homini
359 826 403 852 non
418 818 450 852 est
462 815 604 859 impossibile,
619 815 687 852 vitare
701 818 814 858 peccatum
828 816 925 851 mortale.

99 886 121 924 Si
134 890 204 924 autem
217 888 282 925 homo
294 891 384 931 peccata
396 888 520 930 personalia
533 888 647 930 commisit,
660 898 700 931 per
712 888 825 931 propriam
839 887 925 930 culpam

98 970 121 996 se
136 959 251 1003 indignum
267 959 320 996 fecit
335 960 409 997 favore
425 959 508 1003 divin03
525 963 597 996 utrum
612 962 683 996 autem
699 963 719 996 et
734 970 845 1003 quousque
859 959 925 996 etiarn

98 1032 136 1068 tali
147 1031 232 1068 homini
244 1032 301 1068 Deus
313 1032 404 1075 gratiam
415 1042 475 1069 suam
487 1032 571 1075 offerat,
585 1031 701 1068 dicendum
713 1035 744 1068 est
756 1032 778 1067 in
790 1031 866 1068 ultima
877 1042 925 1074 par-

98 1106 125 1147 te,
138 1113 192 1147 quae
207 1106 238 1140 est
251 1104 277 1140 de
292 1103 445 1140 distributione
459 1104 540 1146 gratiae
548 1107 582 1139 22⁹.

151 1175 302 1212 Adversantur
310 1175 366 1212 thesi
383 1176 545 1219 pelagiani
563 1176 588 1212 de
599 1176 677 1220 quibus
688 1187 704 1212 s.
714 1175 844 1218 Augustinus
857 1175 922 1211 dixit:

99 1260 110 1282 a
119 1247 147 1284 Hi
159 1247 199 1284 Dei
211 1248 312 1290 gratiae...
326 1248 349 1284 in
363 1250 447 1285 tantum
459 1248 545 1284 inimici
560 1251 615 1291 sunt,
627 1251 651 1284 ut
665 1248 711 1285 sine
725 1247 766 1284 hac
780 1258 843 1291 posse
857 1248 925 1284 homi-

98 1330 148 1356 nem
163 1320 254 1356 credant
268 1320 340 1357 iacere
356 1319 429 1357 omnia
444 1319 519 1356 divina
533 1320 635 1356 mandata
643 1332 654 1355 >>
662 1323 696 1356 2³⁰.

153 1391 287 1435 Qualificatio
308 1392 372 1429 huius
393 1392 467 1428 thesis.
489 1392 576 1429 Suarez:
599 1392 677 1429 «Solet
698 1395 768 1429 autem
788 1392 925 1434 interrogari,

98 1475 163 1507 quam
174 1464 203 1501 sit
214 1468 272 1501 certa
281 1464 335 1501 haec
346 1465 444 1501 assertio.
454 1464 478 1500 In
492 1475 533 1508 quo
544 1474 619 1501 omnes
630 1464 731 1507 theologi,
741 1465 870 1507 praesertim
882 1475 925 1500 mo-

100 1536 169 1578 derni,
183 1536 267 1579 docent,
280 1547 326 1573 esse
338 1539 419 1573 certam
432 1540 452 1573 et
463 1535 614 1580 indubitatam,
625 1537 677 1580 quia
689 1536 822 1573 contrarium
835 1536 925 1572 multum

99 1608 185 1645 accedit
195 1608 224 1645 ad
235 1618 333 1645 errorem
344 1608 432 1651 Pelagii.
446 1608 565 1646 Difficultas
579 1612 649 1645 autem
663 1611 700 1651 est,
715 1619 742 1645 an
755 1608 885 1651 simpliciter
897 1608 926 1645 sit

100 1680 127 1717 de
137 1680 189 1725 fide;
204 1669 271 1725 aliqui
283 1681 342 1717 enirn
355 1673 463 1718 affirmant
474 1684 563 1724 propter
576 1680 701 1718 testimonia
713 1680 774 1717 Pauli
789 1683 809 1717 et
822 1680 925 1718 concilio

99 1763 153 1795 rum,
167 1763 222 1796 quae
236 1752 375 1789 adduximus.
391 1752 423 1789 Ita
439 1753 504 1789 sentit
518 1752 604 1789 Medina
620 1753 647 1789 ad
663 1755 702 1789 art.
717 1754 727 1789 4
745 1755 765 1789 et
781 1753 792 1789 8
807 1752 833 1788 D.
848 1752 924 1788 Thom.

99 1835 164 1868 supra
175 1825 258 1868 citatos,
271 1835 335 1868 quern
347 1825 447 1861 nonnulli
459 1825 558 1862 moderni
571 1825 690 1861 imitantur.
701 1824 728 1861 At
740 1835 793 1862 vero
803 1824 853 1861 Solo
867 1823 925 1861 dicto

98 1906 146 1940 cap.
158 1895 182 1933 21
197 1906 243 1933 non
253 1899 315 1940 putat
328 1907 373 1933 esse
388 1896 413 1933 de
427 1896 475 1939 fide,
489 1896 539 1940 quia
551 1885 674 1933 testimonia
688 1896 781 1934 adducta
794 1896 875 1933 hahent
888 1897 925 1933 ali-

98 1978 162 2011 quam
176 1969 379 2012 interpretationem
392 1979 436 2005 non
451 1969 540 2005 omnino
554 1969 727 2011 improbabilem,
742 1972 762 2005 et
777 1969 874 2012 sequitur
885 1968 925 2005 To-

100 2051 156 2077 rens.
175 2040 232 2076 libro
252 2041 262 2076 1
283 2040 432 2077 Confessionis
450 2040 599 2084 Augustinian.
619 2041 689 2083 capite
708 2040 778 2078 tertio.
798 2039 824 2076 Et
842 2040 927 2077 indicat

99 2113 164 2149 etiam
175 2113 257 2150 Valent.
271 2112 289 2148 2.
301 2117 359 2150 tomo
371 2113 451 2155 disput.
464 2112 482 2149 8.
494 2116 574 2156 quaest.
588 2114 606 2150 1.
619 2116 693 2157 punct.
706 2113 725 2150 5.
738 2112 747 2157 ἓ
762 2112 780 2150 2.
793 2113 844 2157 quia
856 2113 925 2150 solum

98 2188 121 2221 ut
134 2185 260 2228 opinionem
273 2185 425 2229 Theologicam
438 2185 497 2221 illam
510 2185 583 2222 tradit.
595 2185 621 2222 Et
634 2185 688 2222 mihi
701 2186 765 2222 etiam
777 2186 868 2228 videtur,
882 2195 924 2222 non

99 2268 145 2294 esse
159 2256 289 2301 simpliciter
302 2258 328 2294 de
341 2256 390 2300 fide,
404 2257 455 2301 quia
468 2268 512 2294 non
525 2257 613 2295 invenio
628 2268 752 2301 expressam
767 2260 787 2295 et
802 2257 925 2300 specificam

98 2328 208 2366 Ecclesiae
224 2329 372 2366 definitionem
388 2329 452 2365 huius
469 2329 574 2372 dogmatis
590 2330 628 2366 suh
645 2329 680 2366 his
695 2329 794 2365 terminis
810 2329 925 2372 propositi,

146 2476 173 2497 ²2⁹
186 2473 257 2505 Utrum
270 2473 310 2504 sint
322 2476 340 2504 et
353 2476 401 2512 quot
413 2474 453 2506 sint
465 2473 556 2505 homines
570 2473 633 2505 adulti
646 2473 666 2505 in
679 2473 722 2505 solo
734 2476 813 2511 peccato
826 2473 925 2511 originali,

99 2533 271 2565 determinandum
282 2537 363 2565 uon'est
373 2534 393 2565 in
401 2533 441 2566 hac
451 2533 513 2571 thesi:
525 2534 623 2565 sententia
635 2536 701 2566 autem
714 2533 826 2572 aliquorum
837 2533 925 2572 priorum

98 2594 241 2632 theologorum,
251 2594 352 2625 hominem
361 2594 398 2626 sub
408 2594 461 2631 gravi
472 2603 513 2626 esse
523 2594 633 2632 obligatum
643 2603 685 2626 sese
694 2593 819 2626 convertendi
829 2594 853 2626 ad
863 2594 925 2626 Deum

99 2663 158 2692 quarn
171 2655 258 2691 primum
272 2654 327 2686 venit
342 2655 366 2686 ad
380 2664 439 2686 usum
454 2654 544 2693 rationis,
559 2663 643 2693 euinque
658 2654 743 2692 graviter
757 2664 841 2693 peecare,
857 2655 873 2687 si
889 2653 925 2687 hoc

99 2725 138 2747 non
153 2715 227 2752 fecerit,
241 2715 298 2747 nulla
312 2715 388 2747 ratione
401 2715 480 2753 probari
494 2717 564 2753 potest.

148 2779 174 2799 2³0·
188 2776 250 2813 Supra
260 2783 303 2813 pag.
314 2776 342 2807 12.
