1952 3093
402 8 511 46 ..73-

48 130 135 166 stemate
152 128 208 165 nihil
227 131 266 173 est;
285 140 336 166 nam
351 129 451 167 voluntas
469 140 513 166 uon
529 132 600 173 potest
617 129 672 167 velle
688 129 776 173 bonum,
795 129 813 166 si
832 140 875 166 non

49 201 110 239 adest
120 201 196 245 gratia,
210 202 323 239 delectatio
335 188 422 245 victrix.
433 213 487 247 quae
501 202 537 239 dat
549 213 613 245 posse
625 206 645 239 et
657 212 726 246 agere.
739 202 797 239 Haec
809 202 878 246 impo-

50 273 116 312 tentia
131 275 227 319 sequitur
241 286 267 312 ex
280 278 369 318 peccato
385 274 493 319 originali.
509 274 582 313 Gratia
597 286 647 313 vere
661 278 681 313 et
696 286 754 313 mere
769 274 878 312 sufficiens

48 348 71 384 in
85 347 195 391 praesenti
208 347 285 385 ordine
300 350 396 391 negatur.

101 429 166 474 Prop.
182 430 205 468 2:
225 431 347 468 «Interiori
363 431 444 475 gratiae
459 433 482 469 in
499 435 555 469 statu
571 435 660 470 naturae
675 433 749 476 lapsae
766 442 876 477 nunquam

48 503 182 541 resistitur».
197 498 310 541 Declarata
324 507 344 542 et
358 505 457 542 damnata
473 505 504 542 uti
518 504 634 543 haeretica.

103 586 155 625 Cum
167 588 259 625 interior
270 587 339 631 gratia
351 589 374 624 in
388 591 443 625 statu
455 591 544 626 naturae
556 589 630 632 lapsae
643 588 671 626 sit
684 588 816 626 adiutorium
828 600 877 633 quo,

50 671 134 704 semper
145 660 210 698 habet
220 672 282 698 suum
295 659 402 699 effectum.
415 660 437 699 Si
450 661 564 698 delectatio
578 662 676 699 caelestis
689 664 721 699 est
731 662 801 699 maior
813 673 877 706 quam

49 733 164 777 cupiditas,
177 733 268 770 habetur
280 733 328 777 ipse
341 736 401 771 actus
413 733 492 779 bonus;
506 733 559 771 facit
573 734 631 771 enim
642 737 665 771 ut
678 735 777 772 voluntas
791 735 877 772 fortiter

50 805 106 843 velit.
121 805 143 843 Si
156 809 225 842 autem
240 809 272 843 est
286 806 364 849 minor,
376 805 442 843 habet
455 809 524 843 totum
538 805 646 850 effectum,
659 817 722 850 quem
736 807 759 843 in
775 806 876 843 conflictu

50 889 98 915 cnm
114 878 196 915 maiore
213 878 332 922 cupiditate
346 878 445 916 terrestri
460 878 540 916 habere
556 881 627 923 potest
643 882 663 916 et
680 879 707 916 ad
721 890 785 923 quem
801 879 824 914 in
840 878 877 915 tali

48 960 98 988 casu
113 950 182 994 datur,
196 950 234 989 scl.
247 950 300 988 lacit
312 953 336 987 ut
349 950 449 988 voluntas
463 950 560 988 tenuitur
574 950 631 988 velit.
646 950 749 988 Voluntas
764 961 874 995 nunquam

50 1025 120 1067 potest
132 1023 233 1061 resistere
247 1026 268 1060 et
281 1022 383 1061 effectum
395 1024 476 1067 gratiae
490 1023 604 1067 impedire.

100 1106 164 1150 Prop.
178 1107 200 1143 3:
217 1119 227 1142 «
235 1106 268 1144 Ad
281 1108 409 1144 merendum
423 1110 443 1145 et
457 1108 612 1145 demerendum
625 1108 648 1144 in
663 1110 719 1144 statu
731 1111 820 1145 naturae
833 1108 879 1151 lap-

52 1190 86 1216 sae
100 1190 144 1216 non
159 1179 277 1224 requiritur
291 1179 313 1216 in
329 1180 417 1217 homine
430 1179 519 1217 libertas
535 1191 546 1217 a
561 1180 695 1223 necessitate,
710 1180 748 1217 sed
763 1179 842 1217 sufficit
854 1179 879 1216 li-

51 1252 122 1289 bertas
137 1263 149 1289 a
163 1252 302 1289 coactione».
317 1252 430 1289 Declarata
445 1255 466 1290 et
480 1252 581 1290 damnata
596 1253 627 1289 uti
640 1252 757 1289 haeretica.

104 1341 162 1378 Haec
177 1341 299 1385 propositio
316 1341 413 1386 sequitur
430 1353 455 1378 ex
472 1341 572 1379 doctrina
587 1341 689 1386 lansenii,
706 1341 765 1386 quod
780 1341 880 1378 voluntas

51 1414 173 1451 necessario
188 1401 353 1451 delectationem
369 1414 473 1451 maiorem
489 1416 596 1458 sequatur.
612 1413 633 1451 Si
650 1412 764 1451 delectatio
781 1414 880 1451 caelestis

52 1489 82 1523 est
95 1486 170 1531 maior,
185 1487 307 1523 necessario
321 1487 420 1523 voluntas
435 1497 481 1523 eam
494 1486 597 1530 sequitur,
612 1486 665 1523 facit
679 1488 750 1523 actum
763 1486 845 1523 bonum
860 1488 880 1522 et

51 1558 195 1604 meritorium
210 1559 229 1597 si
242 1559 351 1602 cupiditas
363 1562 449 1596 terrena
464 1562 496 1596 est
507 1559 583 1602 maior,
597 1558 721 1596 necessario
735 1558 795 1595 illam
811 1557 880 1602 sequi—

51 1633 86 1668 tur
96 1631 202 1675 voluntas,
216 1631 269 1669 lacit
282 1634 354 1668 actum
366 1631 453 1675 malum,
468 1631 637 1668 demeritorium.
651 1630 722 1668 Manet
735 1633 805 1668 autem
818 1632 880 1667 actus

51 1703 112 1747 liber,
128 1703 178 1747 quia
192 1704 312 1741 secundum
326 1704 457 1746 lamentum,
472 1704 490 1740 si
505 1704 604 1740 voluntas
619 1713 669 1740 vere
684 1703 735 1745 vult,
751 1713 776 1740 eo
792 1702 841 1746 ipso
855 1702 880 1738 li-

51 1775 102 1813 bere
114 1775 160 1812 vult
175 1775 225 1818 (hoc
237 1775 340 1819 intelligit
352 1776 378 1813 de
391 1776 473 1812 actibus
487 1775 611 1819 voluntatis,
625 1775 662 1819 qui
675 1777 794 1818 sequnntur
808 1774 880 1818 cogni-

52 1847 139 1891 tionem,
157 1859 201 1885 non
220 1849 246 1885 de
264 1847 347 1885 actibus
366 1847 532 1889 indeliberatis).
550 1846 637 1884 Coactio
657 1850 727 1884 autem
747 1846 839 1884 destruit
855 1846 880 1883 li-

52 1920 162 1964 bertatem,
175 1924 196 1958 et
208 1920 300 1964 impedit
313 1920 419 1962 meritum,
431 1920 482 1964 quia
495 1920 553 1964 quod
566 1922 640 1957 coacte
653 1919 752 1962 iacimus,
765 1929 810 1956 non
821 1919 858 1956 vol
874 1939 880 1944 -

53 2003 106 2036 inus,
120 2002 170 2037 ergo
185 2003 229 2030 non
241 1992 309 2030 libere
322 1992 421 2030 tacimus.
436 1991 458 2029 Si
470 1991 584 2029 Iansenius
598 1992 708 2028 interdum
722 1991 829 2028 voluntati
843 1991 880 2028 ho·

53 2065 118 2103 minis
133 2065 223 2102 viatoris
237 2064 410 2102 indifferentiam
425 2065 534 2108 quandam
551 2064 658 2108 concedit,
673 2063 727 2100 haec
743 2073 787 2100 non
802 2065 834 2100 est
849 2062 881 2099 irr-

55 2136 177 2175 [lifferentia
195 2138 264 2174 activa
284 2138 341 2178 (cum
358 2148 400 2181 qua
414 2137 530 2173 haberetur
547 2135 635 2172 libertas
653 2147 665 2173 a
682 2134 825 2179 necessitate),
843 2135 881 2171 sed

53 2208 203 2247 indifferentia
215 2209 309 2254 passiva,
322 2209 346 2246 id
359 2212 400 2246 est:
417 2209 492 2246 eadem
504 2208 603 2245 voluntas
616 2218 670 2252 quae
684 2217 743 2244 nunc
759 2206 882 2244 delectatio-

54 2290 80 2317 ne
95 2282 182 2319 caelesti
195 2282 286 2319 victrice
301 2281 328 2318 ad
343 2284 414 2318 aetum
428 2281 509 2317 bonum
525 2281 674 2322 necessitatur,
688 2282 765 2323 potest,
781 2279 800 2316 si
815 2290 881 2322 oppo-

55 2352 94 2390 sita
109 2353 223 2391 delectatio
238 2356 269 2391 est
281 2353 367 2398 victrix,
382 2353 409 2390 ad
423 2356 494 2390 actum
508 2353 633 2396 oppositum
649 2351 796 2394 determinari,
811 2354 832 2388 et
845 2361 881 2398 ne-

55 2427 148 2463 cessario
162 2426 215 2464 facit
228 2430 299 2464 actum
313 2427 400 2464 malum.

106 2515 170 2560 Prop.
183 2517 205 2553 l:
223 2529 233 2552 «
242 2516 409 2560 Semipelagiani
424 2517 566 2555 admittebant
580 2518 741 2561 praevenientis
755 2519 837 2563 gratiae
850 2519 882 2556 in-

55 2587 140 2624 terioris
157 2588 307 2625 necessitatem
322 2588 349 2626 ad
364 2589 460 2633 singulos
476 2592 542 2631 actus,
559 2590 623 2627 etiam
639 2591 667 2628 ad
681 2590 769 2628 initium
784 2591 845 2637 fidci3
863 2595 882 2629 et

55 2656 77 2692 iu
92 2659 134 2697 hoc
151 2664 212 2697 erant
228 2661 339 2704 baeretici,
357 2662 414 2706 quod
431 2662 511 2699 vellent
526 2674 573 2699 eam
590 2663 681 2705 gratiam
696 2664 761 2700 talem
778 2675 830 2708 esse,
847 2665 882 2701 cui
