1952 3093
424 91 545 130 -360-

67 220 120 253 pore
133 209 232 248 actualia.
246 211 268 249 Si
283 222 333 257 ergo
347 213 451 251 sumimus
466 213 559 256 primum
574 213 695 256 exemplum
710 223 776 256 supra
792 213 817 250 de
830 214 893 252 Petro

68 282 147 326 datum,
160 287 317 327 consequenter
330 286 357 323 ad
370 286 480 323 decretum
492 286 531 323 Dei
544 285 664 322 absolutum
676 285 730 322 haec
742 285 824 322 valent:
837 285 893 323 Deus

67 354 132 392 habet
148 356 280 393 voluntatem
299 357 417 395 salvificam
435 358 609 396 condicionatam
628 366 677 401 erga
695 357 790 402 Petrum3
809 358 894 402 exsin-

68 437 118 464 eera
129 427 170 464 hac
183 428 294 466 voluntate
308 430 393 467 confert
407 432 426 468 ei
438 431 535 475 gratiam,
547 433 569 467 ut
582 430 619 466 illa
632 431 703 467 utatur
715 430 743 466 ad
755 432 825 467 actum
840 431 894 485 salu-

68 502 136 537 tarern
157 500 233 543 (gratia
252 512 302 539 vere
320 502 447 546 sufficiens)·‚
465 503 522 539 Deus
540 502 581 539 scit
597 502 683 539 Petrum
702 513 751 539 cum
767 502 809 539 hac
826 503 894 547 gratia

69 583 114 609 esse
131 576 304 618 cooperaturum,
320 575 411 618 gratiam
427 575 483 612 hanc
499 586 544 612 esse
561 574 668 611 efficacem
686 575 751 616 (Deus
766 574 807 611 scit
820 585 894 612 verum

70 655 115 682 esse
129 644 216 682 Petrum
229 656 275 683 esse
289 651 461 690 cooperaturum,
476 648 494 684 si
509 647 528 683 ei
542 646 596 683 haec
608 646 677 689 gratia
692 646 837 691 conferretur,
851 656 896 691 gra-

70 717 100 754 tia
115 717 236 762 confertum
251 729 327 756 verum
343 723 374 757 est
388 720 463 757 Petrus
479 722 632 763 cooperaturus
648 718 694 761 est).
709 718 785 756 Petrus
799 719 825 756 de
839 719 896 757 facto

70 789 223 833 cooperabitur
235 795 255 827 et
268 792 341 829 veniet
354 792 381 829 ad
394 792 575 829 iustificationem.
588 791 639 828 Post
652 790 827 829 iustificationem
839 792 897 829 Deus

70 861 133 899 Petro
150 862 210 899 dabit
223 863 321 909 gratiam,
337 867 360 901 ut
375 864 450 901 Petrus
465 864 541 901 merita
556 863 597 901 sibi
612 864 719 908 acquiras
734 864 792 901 Deus
806 864 847 901 scit
860 864 897 901 Pe-

71 939 126 972 trum
146 939 313 979 cooperaturum
333 948 385 979 esse,
403 937 494 980 gratiam
513 947 558 973 esse
577 936 692 974 efficacem.
710 935 785 973 Petrus
805 936 898 981 acquirit

71 1007 113 1044 sibi
129 1008 230 1044 meritum
248 1012 268 1045 et
284 1009 341 1046 Deus
359 1013 420 1053 auget
435 1009 526 1052 gratiam
543 1008 720 1046 sanctificantem.
735 1009 793 1045 Deus
807 1009 897 1045 ulterius

72 1080 157 1117 confert
171 1080 269 1124 gratiam,
286 1083 308 1118 ut
322 1081 398 1118 Petrus
413 1082 435 1117 in
451 1081 569 1119 tentatione
585 1081 659 1118 vincat
675 1084 695 1118 et
708 1080 802 1124 amplius
818 1091 898 1118 merea-

72 1156 115 1197 tur;
129 1152 186 1190 Deus
199 1153 240 1189 scit
253 1153 340 1191 Petrum
354 1165 396 1190 non
411 1165 456 1191 esse
470 1156 642 1197 cooperaturum⁷
655 1153 746 1197 gratiam
758 1163 845 1190 manere
857 1164 899 1190 rne-

72 1236 94 1262 re
107 1215 259 1270 sufficientem
271 1225 347 1263 Petrus
360 1225 465 1269 peccabit.
478 1225 528 1263 Post
540 1227 653 1269 peccatum
665 1228 737 1263 manet
749 1225 848 1263 voluntas
860 1225 899 1262 sal-

72 1296 135 1334 vifica
149 1307 199 1341 erga
213 1297 310 1343 Petrum;
325 1309 351 1334 ex
363 1298 404 1335 hac
417 1298 525 1336 voluntate
538 1298 595 1335 Deus
608 1297 641 1335 illi
655 1297 714 1335 dabit
726 1297 840 1335 ulteriores
853 1307 900 1341 gra·

72 1370 123 1413 tias;
138 1369 195 1407 Deus
211 1369 252 1407 scit
266 1369 353 1407 Petrum
369 1381 414 1407 esse
429 1373 600 1414 cooperaturum,
615 1370 706 1414 gratiam
720 1380 766 1409 esse
781 1369 898 1414 efficacem3

73 1442 148 1479 Petrus
163 1452 212 1479 cum
228 1443 297 1486 gratia
313 1442 466 1486 cooperabitur
480 1453 547 1487 nsque
563 1442 590 1480 ad
606 1446 703 1481 mortem.
713 1442 794 1492 ¹Petrus
808 1436 901 1480 moritur

73 1515 95 1551 in
109 1517 165 1551 statu
177 1515 259 1559 gratiae
273 1518 293 1553 et
306 1515 328 1551 in
341 1515 383 1552 hoo
397 1514 458 1559 signo
472 1515 570 1552 voluntas
584 1515 624 1552 Dei
637 1513 734 1552 'salvifica
746 1513 899 1551 condicionata

74 1597 123 1630 erga
138 1586 226 1624 Petrum
242 1587 320 1625 transit
336 1587 358 1623 in
376 1587 505 1624 absolutam:
524 1587 580 1624 Deus
596 1587 642 1624 vult
656 1586 752 1624 absolute
768 1586 832 1624 Petro
849 1586 900 1623 dare
928 1588 930 1592 ⁴

74 1658 165 1703 gloriam
179 1661 289 1696 aeternam
305 1670 330 1696 eo
345 1659 419 1703 gradu,
435 1659 472 1702 qui
487 1658 642 1702 correspondet
656 1659 739 1696 meritis
754 1659 807 1696 eius.

125 1736 195 1777 Simili
207 1737 272 1774 modo
284 1736 307 1772 in
321 1736 385 1773 tertio
398 1736 495 1780 exemplo
508 1736 534 1774 de
547 1736 620 1773 Petro:
636 1735 752 1780 Postquam
763 1736 839 1773 Petrus
853 1747 901 1780 pec-

76 1810 139 1853 cavit,
155 1813 227 1847 manet
243 1808 343 1846 voluntas
359 1809 398 1845 Dei
416 1807 510 1845 salvifica
527 1818 575 1852 erga
591 1819 649 1853 eum3
667 1820 693 1846 ex
709 1809 795 1846 sincera
810 1808 852 1845 hac
866 1819 901 1845 vo·

75 1883 157 1919 luntate
172 1882 208 1919 dat
224 1881 243 1919 ei
259 1880 357 1925 gratiam,
372 1884 396 1917 ut
411 1884 554 1925 convertatur,
569 1885 593 1918 ut
607 1883 666 1918 actus
682 1881 786 1918 salutares
801 1883 868 1934 ponat
883 1884 902 1916 et

76 1954 104 1991 ad
113 1953 289 1992 iustificationem
300 1954 379 1990 iterum
389 1952 511 1997 perveniat3
522 1953 579 1990 Deus
589 1952 630 1992 scit
642 1952 728 1990 Petrum
740 1963 784 1990 non
797 1964 842 1991 esse
855 1964 902 1990 coo·

76 2029 207 2070 paraturum,
219 2026 311 2070 gratiam
324 2036 411 2062 manere
424 2036 482 2062 mere
495 2025 645 2069 sufficientem
658 2025 734 2062 Petrus
746 2025 772 2063 de
785 2035 841 2062 novo
854 2036 902 2068 pec-

77 2099 140 2143 cabit.
155 2098 254 2136 Attamen
272 2098 372 2135 voluntas
387 2098 427 2134 Dei
445 2096 538 2134 salvifica
556 2107 605 2141 erga
622 2108 670 2134 eum
686 2099 764 2141 manet,
781 2101 801 2135 et
817 2087 903 2141 semper

76 2172 132 2208 Deus
147 2171 166 2208 ei
180 2170 256 2208 tribuit
267 2171 348 2214 gratias
360 2180 410 2207 uere
422 2169 557 2214 sufficientes,
570 2173 593 2207 ut
605 2170 675 2213 possit
687 2170 761 2207 venire
775 2170 803 2206 ad
815 2179 903 2207 conver-

77 2243 170 2288 sionem;
187 2243 244 2280 Deus
262 2245 333 2280 autern
350 2242 391 2279 scit
406 2241 493 2278 Petrum
511 2252 553 2284 non
572 2253 618 2279 esse
635 2244 807 2285 cooperaturum,
824 2241 903 2285 gratias

77 2326 164 2354 manere
179 2327 236 2352 mere
251 2315 388 2358 sufficientes,
404 2317 424 2351 et
437 2314 467 2351 ita
481 2325 548 2359 usque
561 2314 589 2351 ad
601 2313 665 2351 finem
680 2313 737 2352 vitae
750 2313 815 2350 Petri.
828 2313 903 2351 Petrus

78 2388 169 2426 moritur
184 2389 207 2424 in
222 2390 312 2432 peccato
327 2389 347 2424 et
362 2387 384 2423 in
400 2386 442 2424 hoc
458 2386 519 2431 signo
535 2390 604 2424 cessat
620 2396 669 2430 erga
685 2397 734 2424 eum
750 2372 848 2423 voluntas
864 2386 903 2422 Dei

78 2460 173 2498 salvifica
187 2463 207 2497 et
221 2460 282 2498 adest
295 2460 394 2497 voluntas
408 2459 504 2496 absoluta
519 2470 565 2496 eum
580 2459 603 2495 in
616 2461 726 2496 aeternum
741 2458 859 2495 damnandi
874 2469 904 2494 se-

79 2533 173 2571 cundum
188 2533 278 2577 gradum
295 2531 456 2584 demeritorum.

132 2609 175 2648 Cur
184 2611 241 2648 Deus
252 2612 389 2654 praesentem
400 2608 499 2645 ordinem
512 2612 532 2646 et
545 2618 588 2646 non
601 2608 666 2645 alium
677 2608 771 2652 elegerit,
785 2607 848 2645 nohis
861 2618 904 2644 non

79 2682 182 2720 revelarit
195 2686 214 2720 et
227 2683 280 2719 hinc
293 2682 358 2726 plane
372 2682 502 2724 ignoramus.
517 2681 558 2718 Sed
571 2683 630 2724 patet
643 2680 771 2718 electionem
784 2679 904 2724 praesentis

79 2755 170 2798 ordinis,
186 2755 204 2792 si
219 2755 241 2791 in
257 2766 281 2791 eo
297 2753 436 2792 verificantur
451 2764 504 2797 quae
521 2753 546 2791 de
560 2753 623 2791 Petro
638 2753 661 2789 in
676 2752 747 2796 primo
762 2752 860 2796 exemplo
875 2751 905 2789 di-
