1952 3093
484 63 564 103 -aea
578 86 606 93 -

128 195 240 222 concursu
249 184 330 221 divino.
343 184 365 222 Si
380 186 438 223 enim
450 186 480 222 ita
492 186 609 229 quaeritur,
623 185 720 228 potentia
734 184 826 228 physica
839 185 867 222 ad
881 188 953 222 actum

128 256 151 293 in
166 256 263 294 subiecto
277 260 349 293 creato
364 257 408 294 iam
424 257 560 301 supponitur.
576 257 600 293 ln
617 256 725 300 praesenti
741 260 812 294 autem
827 257 953 301 quaestione

128 328 225 372 praecise
239 329 287 372 ipsa
301 329 355 366 haec
369 329 467 372 potentia
479 330 571 373 physica
586 329 683 366 nondum
698 329 773 366 adesse
788 329 919 373 supponitur
933 334 953 367 et

128 400 245 445 quaeritur,
258 401 313 446 quid
326 401 376 439 fieri
392 402 474 446 debeat,
487 402 522 439 vel
534 402 587 446 quid
602 402 647 445 fiat,
660 404 683 438 ut
696 401 761 439 homo
776 412 820 439 non
835 401 953 439 instructus

128 473 238 511 habitibus
260 474 460 517 supernaturalibus
482 474 595 517 physicam
616 474 695 511 haheat
716 474 836 517 potentiam
856 474 953 518 ponendi

130 549 189 583 actus
204 545 326 583 intellectus
342 549 363 583 et
378 546 495 583 voluntatis
512 546 622 583 entitative
639 546 820 589 supernaturales.

182 619 227 656 Una
247 619 359 662 sententia,
378 630 432 663 quac
450 629 493 656 non
512 619 581 656 solum
599 629 611 655 a
630 619 785 663 ethernistisa,
804 619 842 656 sed
861 620 925 656 etiam
944 630 955 656 a

130 690 202 727 multis
215 690 263 727 aliis
275 690 381 734 theologis
395 691 525 735 defenditur,
537 691 569 728 ita
578 691 623 728 fere
636 701 681 728 rem
694 691 802 734 concipit:
817 691 885 729 Sicuti
897 691 954 728 Deus

131 762 158 799 ad
170 762 218 807 hoc,
230 766 253 799 ut
266 763 331 800 homo
344 767 497 807 permanenter
508 763 578 806 possit
590 773 671 807 ponere
686 766 745 800 actus
758 763 869 801 entitative
883 774 955 807 super-

130 837 243 879 naturales,
255 836 342 873 hahitus
354 837 528 879 supernaturales
541 835 644 878 infundit,
657 835 735 879 quibus
748 836 861 873 facultates
873 836 956 879 perma-

131 910 207 945 nenter
219 908 337 952 elevantur,
350 908 380 945 ita
394 911 442 946 ante
455 908 587 945 infusionem
599 908 686 945 illorum
699 907 812 945 habituum
825 908 892 945 simili
905 919 956 952 quo—

130 991 170 1025 que
187 982 251 1017 modo
267 981 372 1017 naturalis
389 981 478 1018 facultas
493 981 594 1018 elevatur.
609 980 662 1018 Cum
677 984 747 1017 autem
763 980 791 1017 sit
806 979 897 1017 elevatio
913 991 955 1016 non

131 1062 267 1096 permanens⁵
284 1052 322 1091 sed
337 1053 364 1089 ad
381 1053 512 1096 singularem
526 1052 595 1090 solum
610 1055 688 1096 actum,
705 1063 748 1089 non
765 1053 791 1089 fit
807 1063 846 1095 per
863 1052 955 1096 aliquem

131 1125 235 1169 habitum,
249 1125 287 1163 sed
299 1136 339 1169 per
353 1136 390 1162 ens
404 1121 498 1162 creatum
511 1135 555 1162 non
569 1135 698 1168 permanens
711 1126 747 1162 sed
761 1126 836 1168 fluens,
850 1124 908 1169 quod
920 1135 956 1168 po-

131 1199 172 1235 sito
187 1198 234 1241 ipso
250 1201 298 1235 actu
313 1200 388 1234 cessat.
402 1197 447 1234 Hoc
461 1208 498 1234 ens
512 1206 556 1234 non
571 1200 602 1233 est
616 1201 676 1234 aetus
689 1197 761 1245 vitalis
774 1196 883 1234 facultatis
896 1197 957 1234 intel·

132 1270 200 1307 lectus
216 1269 250 1307 vel
265 1270 389 1318 voluntatis,
406 1270 444 1306 sed
460 1269 566 1312 recipitur
581 1270 604 1305 in
622 1269 670 1312 ipsa
686 1269 787 1306 facultate
805 1269 957 1307 antecedenter

133 1342 245 1379 adactum
260 1344 281 1378 et
295 1345 327 1378 est
339 1341 385 1378 eius
399 1341 534 1384 principium
547 1340 672 1385 physicum3
687 1351 736 1378 cum
751 1351 794 1378 non
810 1341 837 1377 sit
852 1345 912 1378 actus
927 1341 955 1378 vi-

133 1414 188 1458 talis,
206 1414 280 1450 vocari
297 1414 352 1450 solet
367 1424 405 1450 ens
422 1423 466 1450 non
484 1414 555 1450 vitale.
572 1413 667 1451 Ulterior
684 1413 800 1457 explicatio
818 1413 882 1450 huius
900 1414 956 1450 entis

133 1496 176 1523 iton
190 1489 222 1523 est
236 1486 311 1523 eadem
323 1486 346 1522 in
362 1485 472 1531 omnihus;
488 1485 610 1528 disputatur
623 1488 695 1522 utrum
710 1486 738 1523 sit
752 1486 851 1530 qualitas,
865 1486 956 1529 qualitas

134 1559 270 1605 incompleta,
283 1558 358 1599 fluens.
373 1568 399 1595 an
414 1558 485 1601 potius
499 1558 572 1595 motio.
586 1558 611 1594 In
625 1569 650 1595 eo
663 1560 733 1595 autem
748 1557 886 1602 conveniunt,
899 1558 958 1602 quod

133 1631 161 1666 sit
171 1640 209 1667 ens
221 1630 337 1673 physicum
349 1641 361 1666 a
373 1630 417 1667 solo
429 1629 473 1666 Deo
484 1630 620 1674 productum,
633 1639 676 1666 non
688 1630 759 1673 vitale,
772 1640 815 1667 non
828 1640 957 1673 permanens

133 1703 171 1740 sed
189 1703 266 1748 fluens,
284 1703 343 1747 quod
360 1703 446 1739 influxu
465 1713 503 1739 suo
520 1701 612 1746 physico
632 1704 664 1739 est
682 1713 747 1739 eausa
765 1706 825 1739 actus
845 1702 955 1741 entitative

134 1775 314 1819 supernaturalis;
327 1777 416 1826 vocatur
426 1775 546 1817 praemotio
559 1774 651 1818 physica
657 1777 682 1811 44.
692 1774 749 1811 Deus
762 1784 812 1819 ergo
824 1775 847 1810 in
859 1774 900 1811 hac
912 1785 957 1811 sen-

135 1847 201 1884 tentia
215 1858 255 1890 per
269 1857 307 1885 ens
321 1849 418 1883 creatum
433 1847 551 1883 naturalem
567 1847 691 1883 facultatem
705 1847 781 1890 elevat,
796 1857 851 1890 quae
868 1846 957 1883 facultas

134 1919 265 1956 intrinsecus
282 1920 363 1957 elevata
380 1918 439 1955 elicit
456 1921 526 1955 actum
543 1918 654 1955 entitative
671 1919 862 1961 supernaturalem.

186 1991 248 2028 Ratio
267 1991 401 2038 principalis
416 1990 480 2027 huius
500 1991 617 2027 sententiae
638 1993 679 2028 est:
702 1990 767 2027 Actus
788 1992 957 2036 supernaturalis

136 2067 167 2101 est
181 2073 218 2100 ens
234 2063 333 2106 simplex,
347 2062 406 2107 quod
422 2063 540 2099 secundum
556 2065 624 2099 totum
640 2073 686 2099 esse
703 2065 734 2100 est
750 2063 919 2106 supernaturale,
936 2064 957 2099 in

135 2146 177 2180 quo
190 2144 239 2178 ergo
253 2138 343 2172 nonest
356 2134 440 2178 aliquid
454 2135 550 2171 naturale
563 2137 583 2172 et
597 2135 668 2178 vitale,
683 2138 703 2171 et
717 2135 776 2172 aliud
790 2135 843 2179 quid
857 2145 958 2190 superua-

135 2208 209 2252 turale,
223 2207 261 2244 sed
273 2210 329 2245 totus
344 2209 404 2244 actus
417 2209 448 2243 est
462 2206 533 2243 vitalis
548 2210 568 2243 et
582 2207 759 2249 supernaturalis.
772 2207 838 2244 Totus
853 2210 913 2244 actus
928 2211 958 2244 est

136 2290 147 2316 a
162 2279 263 2316 facultate
280 2279 341 2315 vitati
357 2282 378 2316 et
393 2281 450 2316 totus
467 2289 551 2322 quoqne
568 2281 628 2315 actus
644 2282 705 2316 esta
720 2279 771 2322 Dee,
788 2279 812 2316 id
827 2279 885 2323 quod
903 2279 959 2316 valet

183 2428 201 2449 44
215 2424 266 2457 Bene
280 2423 442 2462 distinguendum
455 2425 484 2456 est
499 2423 551 2455 inter
563 2423 719 2462 praemotionem
732 2423 834 2462 physicam
849 2427 868 2456 et
881 2423 961 2463 praede-

136 2485 296 2517 terminationem
310 2485 419 2528 physicam.
434 2484 545 2516 Praemotio
561 2484 643 2523 physica
659 2485 682 2517 de
698 2494 718 2517 se
733 2487 763 2517 est
777 2485 898 2524 indifferens,
914 2495 957 2518 cum

134 2545 321 2583 praedeterminatio
334 2545 417 2583 physica
430 2544 513 2576 liberam
527 2544 643 2577 facultatem
657 2545 681 2577 ad
695 2554 757 2577 unum
772 2545 893 2578 determinet.
907 2545 958 2578 Haec

134 2605 216 2644 proinde
227 2605 350 2638 admittenda
360 2615 400 2637 non
412 2607 447 2643 est,
459 2614 498 2637 non
511 2605 558 2643 quia
569 2605 595 2638 sit
606 2605 715 2643 praemotio
728 2605 815 2644 physica,
827 2606 861 2638 sed
872 2606 959 2644 praecise

135 2666 182 2705 quia
196 2669 225 2698 est
237 2666 424 2704 praedeterminatio
439 2665 527 2704 physica.
542 2665 647 2698 Banesiani
662 2675 707 2698 vero
721 2666 877 2704 praemotionem
890 2666 958 2706 physi-

135 2736 177 2759 cam
192 2726 315 2764 hahent5=pr0
326 2726 542 2765 praedeterminatione
556 2726 644 2765 physica.
