1952 3093
473 44 582 82 „80-

115 162 226 200 renovatio
244 162 355 199 interioris
371 162 488 199 hominis...
505 163 562 200 unde
579 162 644 200 homo
661 175 687 200 ex
703 162 823 201 iniusto'fit
838 164 907 202 iustus
924 169 944 203 et

116 246 141 271 ex
152 235 243 272 inimico
256 235 344 280 amicus,
355 239 378 272 ut
390 236 409 272 si
419 236 482 272 heres
495 236 614 273 secundum
627 247 687 280 spem
698 236 754 274 vitae
767 239 887 274 aeternae...
899 248 943 275 non

116 308 180 345 modo
195 311 326 353 reputamur,
341 309 379 346 sed
393 320 443 346 vere
456 309 507 345 iusti
522 309 661 346 nominamur
674 314 694 347 et
708 320 787 355 sumus,
800 309 906 347 iustitiam
921 311 942 347 in

116 381 179 418 nohis
198 381 329 424 recipientes
348 382 495 427 unusquisque
515 393 594 419 suam...
614 382 638 418 in
656 383 704 426 ipsa
722 382 875 420 iustificatione
895 394 944 420 eunt

116 455 243 491 remissione
255 458 394 497 peccatorum
407 455 461 492 haec
475 456 548 492 omnia
560 456 624 492 simul
637 456 710 493 intusa
722 456 803 499 accipit
816 455 920 493 homo...»
930 460 943 493 7.

117 526 168 565 Can.
183 529 217 564 ll:
235 528 277 565 «Si
290 528 338 572 quis
353 527 438 572 dixerit,
452 528 551 565 homiues
566 527 679 566 iustificari
692 529 726 564 vel
742 529 787 566 sola
798 529 944 571 imputatione

116 601 211 637 iustitiae
226 599 313 645 Christi,
328 601 362 638 vel
377 602 422 638 sola
436 603 575 644 peccatorum
590 601 724 645 remissione,
740 602 826 638 exclusa
841 602 910 645 gratia
924 605 945 638 et

117 674 212 718 caritate,
225 674 311 718 quaein
326 674 428 712 cordibus
440 684 514 711 eorum
526 685 565 717 per
578 673 682 716 Spiritum
694 674 795 711 Sanctum
809 673 944 711 diffundatur

117 751 179 790 atque
194 747 237 784 iilis
251 747 368 790 inhaereat,
384 747 496 784 autetiam
510 747 607 790 gratiam,
621 758 662 791 qua
677 746 824 790 iustificamur‚
839 757 885 784 esse
900 750 944 784 tan-

117 822 162 856 tum
177 820 273 857 favorem
287 820 338 857 Dei:
355 819 378 857 A.
394 819 413 857 S.
422 832 432 856 »
441 823 456 857 8.

171 892 270 930 Sessioue
285 894 303 930 5.
317 893 403 930 decreto
418 903 482 936 super
496 895 586 936 peccato
600 892 702 936 originali
716 893 759 929 iam
773 894 885 930 statuerat:
903 892 943 929 «Si

115 965 164 1009 quis
180 976 220 1008 per
235 965 284 1002 Iesu
301 964 381 1003 Christi
396 965 485 1002 Domini
502 966 571 1002 nostri
588 965 685 1008 gratiam,
703 975 757 1008 quae
774 965 797 1001 in
812 964 942 1008 baptismate

118 1039 235 1082 confertur,
251 1042 333 1075 reatum
349 1038 461 1081 originalis
477 1039 561 1081 pcccati
577 1038 658 1075 remitti
674 1041 743 1081 negat,
759 1041 795 1074 aut
811 1038 874 1074 etiarn
890 1049 945 1074 asse-

118 1111 152 1154 rit,
166 1122 210 1148 non
225 1111 272 1148 tolli
287 1114 355 1148 totum
370 1111 399 1154 id,
415 1111 473 1155 quod
487 1122 560 1147 veram
576 1113 596 1147 et
612 1111 724 1153 propriam
738 1110 822 1153 peccati
839 1110 944 1147 rationem

118 1184 189 1228 habet,
202 1184 240 1221 sed
251 1184 306 1221 illud
320 1184 374 1221 dicit
385 1187 473 1228 tantum,
481 1183 530 1219 radi
542 1187 578 1220 aut
590 1194 634 1219 non
647 1182 761 1226 imputari:
777 1183 800 1219 A.
815 1182 834 1219 S.
848 1183 871 1218 in
885 1193 945 1219 rena-

119 1257 146 1292 tis
163 1257 220 1293 enim
237 1256 293 1293 nihil
309 1257 355 1294 odit
369 1256 446 1293 Deus...
455 1269 466 1292 »
475 1258 490 1293 ⁹.

171 1329 224 1367 Pius
237 1329 255 1365 V
269 1329 380 1366 damnavit
394 1328 511 1366 sententias
525 1328 582 1365 Baii:
600 1328 632 1365 42.
646 1327 749 1365 «Iustitia
761 1339 803 1372 qua
817 1327 945 1364 iustificatur

118 1409 157 1444 per
169 1401 234 1439 fidem
248 1402 335 1446 impius,
349 1401 449 1438 consistit
463 1401 583 1438 formaliter
597 1401 620 1436 in
635 1400 773 1437 oboedientia
787 1400 945 1440 mandatorum,

119 1485 173 1518 quae
189 1478 221 1512 est
237 1485 327 1522 operum
341 1474 463 1510 iustitia...»
482 1473 513 1510 43.
531 1473 574 1509 «In
589 1472 714 1509 hominibus
731 1471 893 1515 poenitentibus
910 1481 945 1508 an-

119 1538 312 1584 tesacramentum
328 1546 470 1583 absolutionis
485 1549 505 1582 et
519 1546 542 1582 in
558 1544 734 1582 cathechumenis
750 1547 798 1581 ante
814 1543 944 1587 baptismum

119 1623 150 1656 est
167 1631 217 1657 vera
233 1619 364 1661 iustificatio,
381 1621 479 1661 separata
496 1621 567 1655 tamen
583 1629 595 1654 a
612 1616 739 1654 remissione
754 1617 912 1660 peccatorum»
922 1619 945 1650 1⁰.

454 1835 473 1872 S.
490 1834 610 1872 Sempronii
632 1876 634 1878 v

173 1981 247 2018 Vera
270 1979 415 2017 remissio
440 1981 642 2022 peccatorum:
677 1977 715 2013 Act
740 1975 946 2020 3‚19:«Poenne-

121 2056 174 2095 mini
189 2060 260 2102 igitur,
274 2062 294 2095 et
308 2057 468 2098 convertimini,
483 2059 505 2092 ut
521 2056 631 2092 deleantur
646 2056 735 2098 peecata
750 2057 845 2090 vestran.
863 2050 946 2097 Ἐξαλεί-

120 2151 163 2183 spen
191 2114 298 2180 significat
315 2139 433 2179 extergere;
453 2134 568 2171 adhibetur
587 2133 613 2169 de
630 2132 738 2175 scriptura
757 2131 854 2174 delenda,
874 2130 911 2179 Col
929 2130 946 2171 2,

120 2211 155 2248 14:
173 2212 266 2248 delens...
281 2210 450 2254 chirographum
465 2208 556 2253 decreti;
569 2207 629 2250 Apoc
643 2208 661 2251 3,
677 2208 698 2244 5:
716 2217 760 2243 non
775 2205 850 2243 delebo
865 2214 943 2242 nomen

122 2284 167 2321 eius
181 2285 206 2321 de
217 2284 274 2320 libro
286 2284 349 2320 vitae.
362 2282 392 2320 cf.
405 2283 425 2319 Is
436 2283 467 2324 43,
480 2281 553 2325 25;Ps
566 2280 597 2324 50,
610 2280 687 2317 3.-1
702 2278 743 2316 Cor
754 2279 772 2322 6,
785 2279 820 2315 11:
836 2277 881 2314 «Et
893 2277 946 2313 haec

125 2356 171 2397 (sci.
192 2356 324 2399 peccatores)
345 2355 434 2399 quidam
454 2353 535 2398 fuistis3
557 2353 595 2390 sed
616 2352 682 2389 abluti
702 2351 753 2388 estis
778 2349 885 2393 (propriez
909 2358 947 2386 vos

170 2541 176 2561 ⁷
190 2537 248 2569 Denz.
265 2536 297 2568 799
314 2546 328 2575 s.

170 2597 249 2629 SDenz.
263 2596 302 2629 821.

171 2658 250 2690 9Denz.
267 2656 306 2689 729.

171 2722 187 2742 1⁰
201 2719 259 2750 Denz.
273 2717 324 2756 1042,
338 2716 389 2749 1043.
