<?xml version="1.0" encoding="UTF-8"?>
<!DOCTYPE html PUBLIC "-//W3C//DTD XHTML 1.0 Transitional//EN"
    "http://www.w3.org/TR/xhtml1/DTD/xhtml1-transitional.dtd">
<html xmlns="http://www.w3.org/1999/xhtml" xml:lang="en" lang="en">
 <head>
  <title>
</title>
<meta http-equiv="Content-Type" content="text/html;charset=utf-8" />
  <meta name='ocr-system' content='tesseract 3.04.00' />
  <meta name='ocr-capabilities' content='ocr_page ocr_carea ocr_par ocr_line ocrx_word'/>
</head>
<body>
  <div class='ocr_page' id='page_1' title='image "./MN41638ucmf_6_0193.png"; bbox 0 0 1952 3093; ppageno 0'>
   <div class='ocr_carea' id='block_1_1' title="bbox 403 53 525 91">
    <p class='ocr_par' dir='ltr' id='par_1_1' title="bbox 403 53 525 91">
     <span class='ocr_line' id='line_1_1' title="bbox 403 53 525 91; baseline 0 0"><span class='ocrx_word' id='word_1_1' title='bbox 403 53 525 91; x_wconf 68' lang='lat'><strong>-173-</strong></span> 
     </span>
    </p>
   </div>
   <div class='ocr_carea' id='block_1_2' title="bbox 54 174 880 583">
    <p class='ocr_par' dir='ltr' id='par_1_2' title="bbox 54 174 880 583">
     <span class='ocr_line' id='line_1_2' title="bbox 55 174 879 223; baseline -0.005 -8"><span class='ocrx_word' id='word_1_2' title='bbox 55 184 102 223; x_wconf 75' lang='lat' dir='ltr'>tiam</span> <span class='ocrx_word' id='word_1_3' title='bbox 120 177 160 215; x_wconf 90' lang='lat' dir='ltr'>Dei</span> <span class='ocrx_word' id='word_1_4' title='bbox 178 176 298 214; x_wconf 89' lang='lat' dir='ltr'>seeundum</span> <span class='ocrx_word' id='word_1_5' title='bbox 315 177 392 213; x_wconf 88' lang='lat' dir='ltr'>merita</span> <span class='ocrx_word' id='word_1_6' title='bbox 410 178 484 213; x_wconf 88' lang='lat' dir='ltr'>nostra</span> <span class='ocrx_word' id='word_1_7' title='bbox 503 175 560 221; x_wconf 89' lang='lat' dir='ltr'>dari;</span> <span class='ocrx_word' id='word_1_8' title='bbox 577 186 627 212; x_wconf 89' lang='lat' dir='ltr'>cum</span> <span class='ocrx_word' id='word_1_9' title='bbox 645 175 729 220; x_wconf 82' lang='lat' dir='ltr'>aliquid</span> <span class='ocrx_word' id='word_1_10' title='bbox 746 174 879 219; x_wconf 79' lang='lat' dir='ltr'>praecedere</span> 
     </span>
     <span class='ocr_line' id='line_1_3' title="bbox 54 247 880 295; baseline -0.005 -8"><span class='ocrx_word' id='word_1_11' title='bbox 54 251 102 295; x_wconf 76' lang='lat' dir='ltr'>honi</span> <span class='ocrx_word' id='word_1_12' title='bbox 113 249 187 292; x_wconf 88' lang='lat' dir='ltr'>operis</span> <span class='ocrx_word' id='word_1_13' title='bbox 197 259 223 286; x_wconf 87' lang='lat' dir='ltr'>ex</span> <span class='ocrx_word' id='word_1_14' title='bbox 234 247 289 292; x_wconf 85' lang='lat' dir='ltr'>ipsis</span> <span class='ocrx_word' id='word_1_15' title='bbox 299 247 432 292; x_wconf 88' lang='lat' dir='ltr'>hominibus,</span> <span class='ocrx_word' id='word_1_16' title='bbox 443 248 603 292; x_wconf 85' lang='lat' dir='ltr'>propterquod</span> <span class='ocrx_word' id='word_1_17' title='bbox 614 247 706 292; x_wconf 78' lang='lat' dir='ltr'>gratiam</span> <span class='ocrx_word' id='word_1_18' title='bbox 718 248 880 291; x_wconf 77' lang='lat' dir='ltr'>consequantur</span> 
     </span>
     <span class='ocr_line' id='line_1_4' title="bbox 55 319 879 366; baseline -0.005 -6"><span class='ocrx_word' id='word_1_19' title='bbox 55 320 157 366; x_wconf 74' lang='lat' dir='ltr'>affirmas?</span> <span class='ocrx_word' id='word_1_20' title='bbox 168 321 216 358; x_wconf 92' lang='lat' dir='ltr'>Non</span> <span class='ocrx_word' id='word_1_21' title='bbox 227 321 286 358; x_wconf 89' lang='lat' dir='ltr'>enim</span> <span class='ocrx_word' id='word_1_22' title='bbox 297 320 378 358; x_wconf 89' lang='lat' dir='ltr'>nullius</span> <span class='ocrx_word' id='word_1_23' title='bbox 388 320 461 358; x_wconf 87' lang='lat' dir='ltr'>meriti</span> <span class='ocrx_word' id='word_1_24' title='bbox 470 320 547 358; x_wconf 86' lang='lat' dir='ltr'>haberi</span> <span class='ocrx_word' id='word_1_25' title='bbox 558 323 629 364; x_wconf 88' lang='lat' dir='ltr'>potest</span> <span class='ocrx_word' id='word_1_26' title='bbox 639 320 734 364; x_wconf 84' lang='lat' dir='ltr'>petentis</span> <span class='ocrx_word' id='word_1_27' title='bbox 743 319 804 364; x_wconf 89' lang='lat' dir='ltr'>fides,</span> <span class='ocrx_word' id='word_1_28' title='bbox 816 329 879 363; x_wconf 84' lang='lat' dir='ltr'>quae-</span> 
     </span>
     <span class='ocr_line' id='line_1_5' title="bbox 55 390 879 437; baseline -0.006 -5"><span class='ocrx_word' id='word_1_29' title='bbox 55 394 119 437; x_wconf 78' lang='lat' dir='ltr'>rentis</span> <span class='ocrx_word' id='word_1_30' title='bbox 134 394 211 437; x_wconf 70' lang='lat' dir='ltr'>metas,</span> <span class='ocrx_word' id='word_1_31' title='bbox 225 393 333 436; x_wconf 88' lang='lat' dir='ltr'>pulsantis</span> <span class='ocrx_word' id='word_1_32' title='bbox 349 392 462 437; x_wconf 82' lang='lat' dir='ltr'>instantia3</span> <span class='ocrx_word' id='word_1_33' title='bbox 479 393 597 436; x_wconf 79' lang='lat' dir='ltr'>praecipue</span> <span class='ocrx_word' id='word_1_34' title='bbox 613 403 663 429; x_wconf 84' lang='lat' dir='ltr'>cum</span> <span class='ocrx_word' id='word_1_35' title='bbox 679 403 754 430; x_wconf 89' lang='lat' dir='ltr'>omnes</span> <span class='ocrx_word' id='word_1_36' title='bbox 771 390 879 429; x_wconf 88' lang='lat' dir='ltr'>eiusmodi</span> 
     </span>
     <span class='ocr_line' id='line_1_6' title="bbox 55 464 878 509; baseline -0.007 -3"><span class='ocrx_word' id='word_1_37' title='bbox 55 473 73 509; x_wconf 81' lang='lat' dir='ltr'>et</span> <span class='ocrx_word' id='word_1_38' title='bbox 83 465 182 509; x_wconf 86' lang='lat' dir='ltr'>accipere</span> <span class='ocrx_word' id='word_1_39' title='bbox 194 467 215 502; x_wconf 88' lang='lat' dir='ltr'>et</span> <span class='ocrx_word' id='word_1_40' title='bbox 224 464 324 503; x_wconf 91' lang='lat' dir='ltr'>invenire</span> <span class='ocrx_word' id='word_1_41' title='bbox 335 468 356 502; x_wconf 92' lang='lat' dir='ltr'>et</span> <span class='ocrx_word' id='word_1_42' title='bbox 365 465 447 502; x_wconf 90' lang='lat' dir='ltr'>intrare</span> <span class='ocrx_word' id='word_1_43' title='bbox 458 464 565 503; x_wconf 88' lang='lat' dir='ltr'>dicantur.</span> <span class='ocrx_word' id='word_1_44' title='bbox 576 464 601 501; x_wconf 90' lang='lat' dir='ltr'>ln</span> <span class='ocrx_word' id='word_1_45' title='bbox 612 475 655 509; x_wconf 84' lang='lat' dir='ltr'>quo</span> <span class='ocrx_word' id='word_1_46' title='bbox 667 464 800 508; x_wconf 88' lang='lat' dir='ltr'>superfluum</span> <span class='ocrx_word' id='word_1_47' title='bbox 812 465 878 500; x_wconf 85' lang='lat' dir='ltr'>imino</span> 
     </span>
     <span class='ocr_line' id='line_1_7' title="bbox 54 526 879 583; baseline -0.001 -9"><span class='ocrx_word' id='word_1_48' title='bbox 54 538 144 583; x_wconf 65' lang='lat' dir='ltr'>impium</span> <span class='ocrx_word' id='word_1_49' title='bbox 158 541 195 581; x_wconf 89' lang='lat' dir='ltr'>est,</span> <span class='ocrx_word' id='word_1_50' title='bbox 210 537 242 576; x_wconf 85' lang='lat' dir='ltr'>sie</span> <span class='ocrx_word' id='word_1_51' title='bbox 255 537 310 575; x_wconf 88' lang='lat' dir='ltr'>velle</span> <span class='ocrx_word' id='word_1_52' title='bbox 324 537 408 574; x_wconf 87' lang='lat' dir='ltr'>meritis</span> <span class='ocrx_word' id='word_1_53' title='bbox 422 539 472 574; x_wconf 86' lang='lat' dir='ltr'>ante</span> <span class='ocrx_word' id='word_1_54' title='bbox 485 526 578 581; x_wconf 79' lang='lat' dir='ltr'>&#39;gratiam</span> <span class='ocrx_word' id='word_1_55' title='bbox 593 536 747 575; x_wconf 83' lang='lat' dir='ltr'>exsistentibus</span> <span class='ocrx_word' id='word_1_56' title='bbox 761 537 833 574; x_wconf 86' lang='lat' dir='ltr'>locum</span> <span class='ocrx_word' id='word_1_57' title='bbox 848 535 879 573; x_wconf 87' lang='lat' dir='ltr'>ia·</span> 
     </span>
    </p>
   </div>
   <div class='ocr_carea' id='block_1_3' title="bbox 9 596 879 653">
    <p class='ocr_par' dir='ltr' id='par_1_3' title="bbox 9 596 879 653">
     <span class='ocr_line' id='line_1_8' title="bbox 9 596 879 653; baseline -0.005 -4"><span class='ocrx_word' id='word_1_58' title='bbox 9 596 11 599; x_wconf 17' lang='grc'><strong><em>4</em></strong></span> <span class='ocrx_word' id='word_1_59' title='bbox 55 622 107 653; x_wconf 86' lang='lat' dir='ltr'>cere,</span> <span class='ocrx_word' id='word_1_60' title='bbox 120 612 144 647; x_wconf 88' lang='lat' dir='ltr'>ut</span> <span class='ocrx_word' id='word_1_61' title='bbox 157 620 202 647; x_wconf 88' lang='lat' dir='ltr'>non</span> <span class='ocrx_word' id='word_1_62' title='bbox 216 620 243 646; x_wconf 83' lang='lat' dir='ltr'>ex</span> <span class='ocrx_word' id='word_1_63' title='bbox 255 612 300 646; x_wconf 87' lang='lat' dir='ltr'>toto</span> <span class='ocrx_word' id='word_1_64' title='bbox 314 620 390 646; x_wconf 91' lang='lat' dir='ltr'>verum</span> <span class='ocrx_word' id='word_1_65' title='bbox 405 609 433 646; x_wconf 89' lang='lat' dir='ltr'>sit</span> <span class='ocrx_word' id='word_1_66' title='bbox 446 608 506 653; x_wconf 79' lang='lat' dir='ltr'>quod</span> <span class='ocrx_word' id='word_1_67' title='bbox 520 609 550 646; x_wconf 90' lang='lat' dir='ltr'>ait</span> <span class='ocrx_word' id='word_1_68' title='bbox 562 609 679 646; x_wconf 85' lang='lat' dir='ltr'>Dominus:</span> <span class='ocrx_word' id='word_1_69' title='bbox 695 608 762 645; x_wconf 91' lang='lat' dir='ltr'>Nemo</span> <span class='ocrx_word' id='word_1_70' title='bbox 776 608 836 645; x_wconf 88' lang='lat' dir='ltr'>venit</span> <span class='ocrx_word' id='word_1_71' title='bbox 851 607 879 645; x_wconf 90' lang='lat' dir='ltr'>ad</span> 
     </span>
    </p>
   </div>
   <div class='ocr_carea' id='block_1_4' title="bbox 54 680 881 1803">
    <p class='ocr_par' dir='ltr' id='par_1_4' title="bbox 54 680 879 937">
     <span class='ocr_line' id='line_1_9' title="bbox 54 680 878 727; baseline -0.004 -7"><span class='ocrx_word' id='word_1_72' title='bbox 54 695 91 727; x_wconf 87' lang='lat' dir='ltr'>me,</span> <span class='ocrx_word' id='word_1_73' title='bbox 107 681 150 718; x_wconf 91' lang='lat' dir='ltr'>nisi</span> <span class='ocrx_word' id='word_1_74' title='bbox 167 681 236 725; x_wconf 84' lang='lat' dir='ltr'>Pater,</span> <span class='ocrx_word' id='word_1_75' title='bbox 253 681 290 726; x_wconf 87' lang='lat' dir='ltr'>qui</span> <span class='ocrx_word' id='word_1_76' title='bbox 307 680 367 718; x_wconf 84' lang='lat' dir='ltr'>misit</span> <span class='ocrx_word' id='word_1_77' title='bbox 384 692 424 726; x_wconf 92' lang='lat' dir='ltr'>me,</span> <span class='ocrx_word' id='word_1_78' title='bbox 442 680 556 718; x_wconf 73' lang='lat' dir='ltr'>attraxerit</span> <span class='ocrx_word' id='word_1_79' title='bbox 572 684 663 724; x_wconf 68' lang='lat' dir='ltr'>eumffl,</span> <span class='ocrx_word' id='word_1_80' title='bbox 680 681 738 725; x_wconf 84' lang='lat' dir='ltr'>quod</span> <span class='ocrx_word' id='word_1_81' title='bbox 756 681 878 717; x_wconf 88' lang='lat' dir='ltr'>nullatenus</span> 
     </span>
     <span class='ocr_line' id='line_1_10' title="bbox 55 752 879 806; baseline -0.004 -14"><span class='ocrx_word' id='word_1_82' title='bbox 55 756 167 796; x_wconf 76' lang='lat' dir='ltr'>diceretur,</span> <span class='ocrx_word' id='word_1_83' title='bbox 179 753 198 790; x_wconf 89' lang='lat' dir='ltr'>si</span> <span class='ocrx_word' id='word_1_84' title='bbox 212 753 339 797; x_wconf 85' lang='lat' dir='ltr'>cuiusquam</span> <span class='ocrx_word' id='word_1_85' title='bbox 352 753 399 790; x_wconf 88' lang='lat' dir='ltr'>sine</span> <span class='ocrx_word' id='word_1_86' title='bbox 412 753 452 790; x_wconf 90' lang='lat' dir='ltr'>Dei</span> <span class='ocrx_word' id='word_1_87' title='bbox 464 752 625 790; x_wconf 84' lang='lat' dir='ltr'>illuminatione</span> <span class='ocrx_word' id='word_1_88' title='bbox 638 756 693 791; x_wconf 87' lang='lat' dir='ltr'>esset</span> <span class='ocrx_word' id='word_1_89' title='bbox 705 752 816 790; x_wconf 80' lang='lat' dir='ltr'>credenda</span> <span class='ocrx_word' id='word_1_90' title='bbox 828 762 879 806; x_wconf 85' lang='lat' dir='ltr'>con-</span> 
     </span>
     <span class='ocr_line' id='line_1_11' title="bbox 55 813 879 869; baseline -0.005 -4"><span class='ocrx_word' id='word_1_91' title='bbox 55 825 129 869; x_wconf 85' lang='lat' dir='ltr'>versio,</span> <span class='ocrx_word' id='word_1_92' title='bbox 142 825 233 862; x_wconf 87' lang='lat' dir='ltr'>autulio</span> <span class='ocrx_word' id='word_1_93' title='bbox 244 825 309 862; x_wconf 88' lang='lat' dir='ltr'>modo</span> <span class='ocrx_word' id='word_1_94' title='bbox 320 837 342 863; x_wconf 90' lang='lat' dir='ltr'>se</span> <span class='ocrx_word' id='word_1_95' title='bbox 353 826 453 862; x_wconf 85' lang='lat' dir='ltr'>voluntas</span> <span class='ocrx_word' id='word_1_96' title='bbox 464 825 560 863; x_wconf 88' lang='lat' dir='ltr'>hominis</span> <span class='ocrx_word' id='word_1_97' title='bbox 572 813 599 862; x_wconf 84' lang='lat' dir='ltr'>ad</span> <span class='ocrx_word' id='word_1_98' title='bbox 610 825 679 862; x_wconf 92' lang='lat' dir='ltr'>Deum</span> <span class='ocrx_word' id='word_1_99' title='bbox 691 824 737 862; x_wconf 89' lang='lat' dir='ltr'>sine</span> <span class='ocrx_word' id='word_1_100' title='bbox 748 824 793 862; x_wconf 91' lang='lat' dir='ltr'>Deo</span> <span class='ocrx_word' id='word_1_101' title='bbox 806 826 879 868; x_wconf 89' lang='lat' dir='ltr'>posset</span> 
     </span>
     <span class='ocr_line' id='line_1_12' title="bbox 55 898 230 937; baseline -0.017 0"><span class='ocrx_word' id='word_1_102' title='bbox 55 898 168 937; x_wconf 82' lang='lat' dir='ltr'>extendere</span> <span class='ocrx_word' id='word_1_103' title='bbox 176 909 187 933; x_wconf 88' lang='grc'>&gt;&gt;</span> <span class='ocrx_word' id='word_1_104' title='bbox 196 900 230 934; x_wconf 58' lang='grc' dir='ltr'>ΗΞ.</span> 
     </span>
    </p>

    <p class='ocr_par' dir='ltr' id='par_1_5' title="bbox 55 968 881 1803">
     <span class='ocr_line' id='line_1_13' title="bbox 106 968 879 1012; baseline -0.003 -6"><span class='ocrx_word' id='word_1_105' title='bbox 106 969 126 1007; x_wconf 89' lang='lat' dir='ltr'>S.</span> <span class='ocrx_word' id='word_1_106' title='bbox 139 970 182 1006; x_wconf 82' lang='lat' dir='ltr'>Luo</span> <span class='ocrx_word' id='word_1_107' title='bbox 194 968 297 1006; x_wconf 66' lang='lat' dir='ltr'>Misenus:</span> <span class='ocrx_word' id='word_1_108' title='bbox 313 969 383 1006; x_wconf 78' lang='lat' dir='ltr'>«Sine</span> <span class='ocrx_word' id='word_1_109' title='bbox 395 969 440 1006; x_wconf 86' lang='lat' dir='ltr'>Deo</span> <span class='ocrx_word' id='word_1_110' title='bbox 453 969 512 1006; x_wconf 90' lang='lat' dir='ltr'>nulla</span> <span class='ocrx_word' id='word_1_111' title='bbox 525 972 556 1006; x_wconf 86' lang='lat' dir='ltr'>est</span> <span class='ocrx_word' id='word_1_112' title='bbox 572 968 657 1011; x_wconf 89' lang='lat' dir='ltr'>(virtus)</span> <span class='ocrx_word' id='word_1_113' title='bbox 669 979 710 1006; x_wconf 93' lang='lat' dir='ltr'>nec</span> <span class='ocrx_word' id='word_1_114' title='bbox 722 969 879 1012; x_wconf 82' lang='lat' dir='ltr'>proprietatem</span> 
     </span>
     <span class='ocr_line' id='line_1_14' title="bbox 55 1036 879 1085; baseline -0.005 -5"><span class='ocrx_word' id='word_1_115' title='bbox 55 1042 135 1081; x_wconf 84' lang='lat' dir='ltr'>obtinet</span> <span class='ocrx_word' id='word_1_116' title='bbox 153 1041 246 1083; x_wconf 87' lang='lat' dir='ltr'>deitatis,</span> <span class='ocrx_word' id='word_1_117' title='bbox 264 1041 307 1077; x_wconf 89' lang='lat' dir='ltr'>nisi</span> <span class='ocrx_word' id='word_1_118' title='bbox 323 1036 402 1084; x_wconf 84' lang='lat' dir='ltr'>spiritu</span> <span class='ocrx_word' id='word_1_119' title='bbox 419 1041 453 1078; x_wconf 90' lang='lat' dir='ltr'>sui</span> <span class='ocrx_word' id='word_1_120' title='bbox 470 1044 580 1085; x_wconf 77' lang='lat' dir='ltr'>vegetetur</span> <span class='ocrx_word' id='word_1_121' title='bbox 597 1041 697 1078; x_wconf 86' lang='lat' dir='ltr'>auctoris.</span> <span class='ocrx_word' id='word_1_122' title='bbox 713 1041 805 1078; x_wconf 86' lang='lat' dir='ltr'>Dicente</span> <span class='ocrx_word' id='word_1_123' title='bbox 821 1041 879 1077; x_wconf 91' lang='lat' dir='ltr'>enim</span> 
     </span>
     <span class='ocr_line' id='line_1_15' title="bbox 56 1112 880 1156; baseline -0.002 -5"><span class='ocrx_word' id='word_1_124' title='bbox 56 1112 168 1156; x_wconf 85' lang='lat' dir='ltr'>discipulis</span> <span class='ocrx_word' id='word_1_125' title='bbox 183 1113 227 1149; x_wconf 89' lang='lat' dir='ltr'>suis</span> <span class='ocrx_word' id='word_1_126' title='bbox 242 1113 346 1150; x_wconf 87' lang='lat' dir='ltr'>Domino:</span> <span class='ocrx_word' id='word_1_127' title='bbox 364 1113 414 1150; x_wconf 86' lang='lat' dir='ltr'>Sine</span> <span class='ocrx_word' id='word_1_128' title='bbox 430 1124 464 1150; x_wconf 91' lang='lat' dir='ltr'>me</span> <span class='ocrx_word' id='word_1_129' title='bbox 480 1113 536 1150; x_wconf 88' lang='lat' dir='ltr'>nihil</span> <span class='ocrx_word' id='word_1_130' title='bbox 551 1113 642 1156; x_wconf 86' lang='lat' dir='ltr'>potestis</span> <span class='ocrx_word' id='word_1_131' title='bbox 659 1113 730 1150; x_wconf 81' lang='lat' dir='ltr'>facere</span> <span class='ocrx_word' id='word_1_132' title='bbox 738 1115 772 1156; x_wconf 73' lang='lat'>11³,</span> <span class='ocrx_word' id='word_1_133' title='bbox 790 1113 880 1149; x_wconf 85' lang='lat' dir='ltr'>dubium</span> 
     </span>
     <span class='ocr_line' id='line_1_16' title="bbox 55 1184 879 1229; baseline -0.002 -7"><span class='ocrx_word' id='word_1_134' title='bbox 55 1195 96 1222; x_wconf 93' lang='lat' dir='ltr'>non</span> <span class='ocrx_word' id='word_1_135' title='bbox 109 1187 146 1229; x_wconf 90' lang='lat' dir='ltr'>est,</span> <span class='ocrx_word' id='word_1_136' title='bbox 159 1185 271 1222; x_wconf 85' lang='lat' dir='ltr'>hominem</span> <span class='ocrx_word' id='word_1_137' title='bbox 284 1184 342 1222; x_wconf 88' lang='lat' dir='ltr'>bona</span> <span class='ocrx_word' id='word_1_138' title='bbox 355 1188 453 1228; x_wconf 80' lang='lat' dir='ltr'>agentem</span> <span class='ocrx_word' id='word_1_139' title='bbox 467 1196 493 1222; x_wconf 89' lang='lat' dir='ltr'>ex</span> <span class='ocrx_word' id='word_1_140' title='bbox 506 1185 551 1222; x_wconf 89' lang='lat' dir='ltr'>Deo</span> <span class='ocrx_word' id='word_1_141' title='bbox 564 1185 644 1223; x_wconf 89' lang='lat' dir='ltr'>habere</span> <span class='ocrx_word' id='word_1_142' title='bbox 659 1188 680 1222; x_wconf 80' lang='lat' dir='ltr'>et</span> <span class='ocrx_word' id='word_1_143' title='bbox 692 1184 794 1222; x_wconf 84' lang='lat' dir='ltr'>effectum</span> <span class='ocrx_word' id='word_1_144' title='bbox 806 1184 879 1228; x_wconf 89' lang='lat' dir='ltr'>operis</span> 
     </span>
     <span class='ocr_line' id='line_1_17' title="bbox 56 1256 880 1294; baseline -0.002 0"><span class='ocrx_word' id='word_1_145' title='bbox 56 1260 74 1294; x_wconf 85' lang='lat' dir='ltr'>et</span> <span class='ocrx_word' id='word_1_146' title='bbox 87 1256 174 1293; x_wconf 87' lang='lat' dir='ltr'>initium</span> <span class='ocrx_word' id='word_1_147' title='bbox 188 1257 367 1294; x_wconf 60' lang='lat' dir='ltr'>voluntatisstss.</span> <span class='ocrx_word' id='word_1_148' title='bbox 381 1279 409 1284; x_wconf 66' lang='grc'>-</span> <span class='ocrx_word' id='word_1_149' title='bbox 421 1257 441 1294; x_wconf 83' lang='lat' dir='ltr'>S.</span> <span class='ocrx_word' id='word_1_150' title='bbox 456 1256 607 1294; x_wconf 76' lang='lat' dir='ltr'>Funnuurrus:</span> <span class='ocrx_word' id='word_1_151' title='bbox 626 1256 780 1294; x_wconf 74' lang='lat' dir='ltr'>«Firmissime</span> <span class='ocrx_word' id='word_1_152' title='bbox 795 1259 844 1293; x_wconf 85' lang='lat' dir='ltr'>tene</span> <span class='ocrx_word' id='word_1_153' title='bbox 860 1259 880 1293; x_wconf 89' lang='lat' dir='ltr'>et</span> 
     </span>
     <span class='ocr_line' id='line_1_18' title="bbox 55 1328 879 1373; baseline -0.001 -8"><span class='ocrx_word' id='word_1_154' title='bbox 55 1329 174 1365; x_wconf 86' lang='lat' dir='ltr'>nullatenus</span> <span class='ocrx_word' id='word_1_155' title='bbox 193 1328 284 1372; x_wconf 84' lang='lat' dir='ltr'>dubites,</span> <span class='ocrx_word' id='word_1_156' title='bbox 301 1339 365 1372; x_wconf 89' lang='lat' dir='ltr'>posse</span> <span class='ocrx_word' id='word_1_157' title='bbox 381 1329 470 1372; x_wconf 83' lang='lat' dir='ltr'>quidem</span> <span class='ocrx_word' id='word_1_158' title='bbox 485 1329 602 1373; x_wconf 87' lang='lat' dir='ltr'>hominem,</span> <span class='ocrx_word' id='word_1_159' title='bbox 620 1339 683 1373; x_wconf 83' lang='lat' dir='ltr'>quem</span> <span class='ocrx_word' id='word_1_160' title='bbox 699 1339 740 1366; x_wconf 85' lang='lat' dir='ltr'>nee</span> <span class='ocrx_word' id='word_1_161' title='bbox 756 1328 879 1372; x_wconf 82' lang='lat' dir='ltr'>ignorantia</span> 
     </span>
     <span class='ocr_line' id='line_1_19' title="bbox 56 1400 881 1444; baseline 0 -7"><span class='ocrx_word' id='word_1_162' title='bbox 56 1401 175 1437; x_wconf 87' lang='lat' dir='ltr'>litterarum</span> <span class='ocrx_word' id='word_1_163' title='bbox 191 1410 232 1438; x_wconf 88' lang='lat' dir='ltr'>nec</span> <span class='ocrx_word' id='word_1_164' title='bbox 251 1401 323 1444; x_wconf 82' lang='lat' dir='ltr'>aliqua</span> <span class='ocrx_word' id='word_1_165' title='bbox 340 1400 443 1444; x_wconf 90' lang='lat' dir='ltr'>prohibet</span> <span class='ocrx_word' id='word_1_166' title='bbox 460 1400 598 1437; x_wconf 85' lang='lat' dir='ltr'>imbecillitas</span> <span class='ocrx_word' id='word_1_167' title='bbox 617 1401 651 1437; x_wconf 89' lang='lat' dir='ltr'>vel</span> <span class='ocrx_word' id='word_1_168' title='bbox 670 1400 796 1443; x_wconf 79' lang='lat' dir='ltr'>adversitas,</span> <span class='ocrx_word' id='word_1_169' title='bbox 815 1401 881 1437; x_wconf 89' lang='lat' dir='ltr'>verba</span> 
     </span>
     <span class='ocr_line' id='line_1_20' title="bbox 56 1472 880 1517; baseline 0 -9"><span class='ocrx_word' id='word_1_170' title='bbox 56 1475 140 1508; x_wconf 82' lang='lat' dir='ltr'>sunctae</span> <span class='ocrx_word' id='word_1_171' title='bbox 151 1472 205 1515; x_wconf 75' lang='lat' dir='ltr'>legis</span> <span class='ocrx_word' id='word_1_172' title='bbox 217 1476 237 1509; x_wconf 91' lang='lat' dir='ltr'>et</span> <span class='ocrx_word' id='word_1_173' title='bbox 249 1472 356 1515; x_wconf 80' lang='lat' dir='ltr'>evangelii</span> <span class='ocrx_word' id='word_1_174' title='bbox 368 1472 414 1510; x_wconf 90' lang='lat' dir='ltr'>sive</span> <span class='ocrx_word' id='word_1_175' title='bbox 426 1474 497 1515; x_wconf 76' lang='lat' dir='ltr'>legere</span> <span class='ocrx_word' id='word_1_176' title='bbox 510 1473 555 1510; x_wconf 89' lang='lat' dir='ltr'>sive</span> <span class='ocrx_word' id='word_1_177' title='bbox 567 1483 593 1509; x_wconf 83' lang='lat' dir='ltr'>ex</span> <span class='ocrx_word' id='word_1_178' title='bbox 606 1483 643 1509; x_wconf 87' lang='lat' dir='ltr'>ore</span> <span class='ocrx_word' id='word_1_179' title='bbox 655 1473 782 1517; x_wconf 83' lang='lat' dir='ltr'>cuiusquam</span> <span class='ocrx_word' id='word_1_180' title='bbox 794 1472 880 1515; x_wconf 83' lang='lat' dir='ltr'>praedi-</span> 
     </span>
     <span class='ocr_line' id='line_1_21' title="bbox 56 1543 880 1588; baseline 0.001 -9"><span class='ocrx_word' id='word_1_181' title='bbox 56 1544 133 1580; x_wconf 81' lang='lat' dir='ltr'>catoris</span> <span class='ocrx_word' id='word_1_182' title='bbox 149 1543 233 1588; x_wconf 83' lang='lat' dir='ltr'>audire3</span> <span class='ocrx_word' id='word_1_183' title='bbox 249 1544 288 1580; x_wconf 88' lang='lat' dir='ltr'>sed</span> <span class='ocrx_word' id='word_1_184' title='bbox 304 1543 385 1581; x_wconf 90' lang='lat' dir='ltr'>divinis</span> <span class='ocrx_word' id='word_1_185' title='bbox 400 1544 508 1581; x_wconf 87' lang='lat' dir='ltr'>mandatis</span> <span class='ocrx_word' id='word_1_186' title='bbox 525 1544 614 1581; x_wconf 88' lang='lat' dir='ltr'>obedire</span> <span class='ocrx_word' id='word_1_187' title='bbox 630 1545 740 1582; x_wconf 88' lang='lat' dir='ltr'>neminem</span> <span class='ocrx_word' id='word_1_188' title='bbox 757 1555 820 1588; x_wconf 87' lang='lat' dir='ltr'>posse</span> <span class='ocrx_word' id='word_1_189' title='bbox 836 1543 880 1581; x_wconf 92' lang='lat' dir='ltr'>nisi</span> 
     </span>
     <span class='ocr_line' id='line_1_22' title="bbox 56 1615 880 1660; baseline 0.002 -9"><span class='ocrx_word' id='word_1_190' title='bbox 56 1626 117 1659; x_wconf 85' lang='lat' dir='ltr'>quem</span> <span class='ocrx_word' id='word_1_191' title='bbox 134 1615 191 1652; x_wconf 88' lang='lat' dir='ltr'>Deus</span> <span class='ocrx_word' id='word_1_192' title='bbox 208 1616 277 1659; x_wconf 76' lang='lat' dir='ltr'>gratia</span> <span class='ocrx_word' id='word_1_193' title='bbox 295 1626 333 1652; x_wconf 90' lang='lat' dir='ltr'>sua</span> <span class='ocrx_word' id='word_1_194' title='bbox 349 1616 494 1659; x_wconf 88' lang='lat' dir='ltr'>praevenerit,</span> <span class='ocrx_word' id='word_1_195' title='bbox 512 1618 535 1653; x_wconf 92' lang='lat' dir='ltr'>ut</span> <span class='ocrx_word' id='word_1_196' title='bbox 550 1615 609 1660; x_wconf 83' lang='lat' dir='ltr'>quod</span> <span class='ocrx_word' id='word_1_197' title='bbox 627 1616 687 1653; x_wconf 90' lang='lat' dir='ltr'>audit</span> <span class='ocrx_word' id='word_1_198' title='bbox 705 1627 797 1660; x_wconf 85' lang='lat' dir='ltr'>corpore</span> <span class='ocrx_word' id='word_1_199' title='bbox 815 1616 880 1654; x_wconf 87' lang='lat' dir='ltr'>etiarn</span> 
     </span>
     <span class='ocr_line' id='line_1_23' title="bbox 57 1687 880 1731; baseline 0.002 -8"><span class='ocrx_word' id='word_1_200' title='bbox 57 1687 120 1723; x_wconf 86' lang='lat' dir='ltr'>eorde</span> <span class='ocrx_word' id='word_1_201' title='bbox 135 1687 249 1731; x_wconf 86' lang='lat' dir='ltr'>percipiat,</span> <span class='ocrx_word' id='word_1_202' title='bbox 265 1690 285 1724; x_wconf 88' lang='lat' dir='ltr'>et</span> <span class='ocrx_word' id='word_1_203' title='bbox 300 1690 389 1731; x_wconf 87' lang='lat' dir='ltr'>accepta</span> <span class='ocrx_word' id='word_1_204' title='bbox 404 1687 510 1724; x_wconf 89' lang='lat' dir='ltr'>divinitus</span> <span class='ocrx_word' id='word_1_205' title='bbox 525 1687 583 1725; x_wconf 91' lang='lat' dir='ltr'>bona</span> <span class='ocrx_word' id='word_1_206' title='bbox 598 1688 708 1725; x_wconf 88' lang='lat' dir='ltr'>voluntate</span> <span class='ocrx_word' id='word_1_207' title='bbox 723 1691 786 1731; x_wconf 83' lang='lat' dir='ltr'>atque</span> <span class='ocrx_word' id='word_1_208' title='bbox 800 1689 880 1725; x_wconf 86' lang='lat' dir='ltr'>virtute</span> 
     </span>
     <span class='ocr_line' id='line_1_24' title="bbox 56 1758 567 1803; baseline 0.008 -9"><span class='ocrx_word' id='word_1_209' title='bbox 56 1759 156 1796; x_wconf 87' lang='lat' dir='ltr'>mandata</span> <span class='ocrx_word' id='word_1_210' title='bbox 168 1759 209 1796; x_wconf 89' lang='lat' dir='ltr'>Dei</span> <span class='ocrx_word' id='word_1_211' title='bbox 222 1759 293 1797; x_wconf 84' lang='lat' dir='ltr'>facere</span> <span class='ocrx_word' id='word_1_212' title='bbox 308 1763 328 1797; x_wconf 92' lang='lat' dir='ltr'>et</span> <span class='ocrx_word' id='word_1_213' title='bbox 339 1758 391 1796; x_wconf 92' lang='lat' dir='ltr'>velit</span> <span class='ocrx_word' id='word_1_214' title='bbox 404 1762 425 1798; x_wconf 89' lang='lat' dir='ltr'>et</span> <span class='ocrx_word' id='word_1_215' title='bbox 437 1760 506 1803; x_wconf 87' lang='lat' dir='ltr'>possit</span> <span class='ocrx_word' id='word_1_216' title='bbox 514 1772 525 1796; x_wconf 89' lang='lat'>»</span> <span class='ocrx_word' id='word_1_217' title='bbox 533 1763 567 1798; x_wconf 72' lang='lat'><strong>1¹1⁵.</strong></span> 
     </span>
    </p>
   </div>
   <div class='ocr_carea' id='block_1_5' title="bbox 410 1976 523 2013">
    <p class='ocr_par' dir='ltr' id='par_1_6' title="bbox 410 1976 523 2013">
     <span class='ocr_line' id='line_1_25' title="bbox 410 1976 523 2013; baseline 0.009 -1"><span class='ocrx_word' id='word_1_218' title='bbox 410 1976 523 2013; x_wconf 59' lang='lat' dir='ltr'>remonon</span> 
     </span>
    </p>
   </div>
   <div class='ocr_carea' id='block_1_6' title="bbox 57 2118 881 2308">
    <p class='ocr_par' dir='ltr' id='par_1_7' title="bbox 57 2118 881 2308">
     <span class='ocr_line' id='line_1_26' title="bbox 107 2118 881 2165; baseline 0.005 -11"><span class='ocrx_word' id='word_1_219' title='bbox 107 2118 228 2161; x_wconf 79' lang='lat' dir='ltr'>Theologos</span> <span class='ocrx_word' id='word_1_220' title='bbox 242 2129 300 2155; x_wconf 92' lang='lat' dir='ltr'>nunc</span> <span class='ocrx_word' id='word_1_221' title='bbox 314 2119 394 2156; x_wconf 90' lang='lat' dir='ltr'>dehac</span> <span class='ocrx_word' id='word_1_222' title='bbox 408 2130 430 2156; x_wconf 92' lang='lat' dir='ltr'>re</span> <span class='ocrx_word' id='word_1_223' title='bbox 444 2120 561 2156; x_wconf 90' lang='lat' dir='ltr'>convenire</span> <span class='ocrx_word' id='word_1_224' title='bbox 573 2122 641 2165; x_wconf 85' lang='lat' dir='ltr'>patet;</span> <span class='ocrx_word' id='word_1_225' title='bbox 656 2120 682 2157; x_wconf 92' lang='lat' dir='ltr'>de</span> <span class='ocrx_word' id='word_1_226' title='bbox 695 2119 806 2163; x_wconf 89' lang='lat' dir='ltr'>prioribus</span> <span class='ocrx_word' id='word_1_227' title='bbox 820 2120 881 2158; x_wconf 85' lang='lat' dir='ltr'>sc&#39;no-</span> 
     </span>
     <span class='ocr_line' id='line_1_27' title="bbox 57 2187 881 2236; baseline 0.007 -12"><span class='ocrx_word' id='word_1_228' title='bbox 57 2187 138 2226; x_wconf 87' lang='lat' dir='ltr'>lasticis</span> <span class='ocrx_word' id='word_1_229' title='bbox 150 2189 200 2227; x_wconf 89' lang='lat' dir='ltr'>vide</span> <span class='ocrx_word' id='word_1_230' title='bbox 212 2201 266 2234; x_wconf 83' lang='lat' dir='ltr'>quae</span> <span class='ocrx_word' id='word_1_231' title='bbox 278 2190 413 2234; x_wconf 89' lang='lat' dir='ltr'>supradicta</span> <span class='ocrx_word' id='word_1_232' title='bbox 425 2194 484 2235; x_wconf 88' lang='lat' dir='ltr'>sunt;</span> <span class='ocrx_word' id='word_1_233' title='bbox 498 2203 514 2228; x_wconf 86' lang='lat' dir='ltr'>s.</span> <span class='ocrx_word' id='word_1_234' title='bbox 526 2191 619 2229; x_wconf 89' lang='lat' dir='ltr'>Thomas</span> <span class='ocrx_word' id='word_1_235' title='bbox 632 2191 658 2228; x_wconf 91' lang='lat' dir='ltr'>de</span> <span class='ocrx_word' id='word_1_236' title='bbox 669 2194 744 2229; x_wconf 92' lang='lat' dir='ltr'>nostra</span> <span class='ocrx_word' id='word_1_237' title='bbox 755 2193 881 2236; x_wconf 84' lang='lat' dir='ltr'>quaestione</span> 
     </span>
     <span class='ocr_line' id='line_1_28' title="bbox 59 2259 588 2308; baseline 0.008 -12"><span class='ocrx_word' id='word_1_238' title='bbox 59 2259 100 2303; x_wconf 76' lang='lat' dir='ltr'>agit</span> <span class='ocrx_word' id='word_1_239' title='bbox 112 2261 132 2299; x_wconf 81' lang='lat' dir='ltr'>S.</span> <span class='ocrx_word' id='word_1_240' title='bbox 143 2261 183 2298; x_wconf 77' lang='lat' dir='ltr'>Th,</span> <span class='ocrx_word' id='word_1_241' title='bbox 196 2262 214 2305; x_wconf 88' lang='lat'>1,</span> <span class='ocrx_word' id='word_1_242' title='bbox 226 2262 238 2298; x_wconf 83' lang='lat'><strong>2</strong></span> <span class='ocrx_word' id='word_1_243' title='bbox 250 2273 270 2306; x_wconf 86' lang='lat' dir='ltr'>q.</span> <span class='ocrx_word' id='word_1_244' title='bbox 282 2262 320 2299; x_wconf 82' lang='lat'>109</span> <span class='ocrx_word' id='word_1_245' title='bbox 333 2274 351 2300; x_wconf 89' lang='lat' dir='ltr'>a.</span> <span class='ocrx_word' id='word_1_246' title='bbox 363 2262 383 2307; x_wconf 86' lang='lat'>6;</span> <span class='ocrx_word' id='word_1_247' title='bbox 396 2262 414 2308; x_wconf 85' lang='lat'>2,</span> <span class='ocrx_word' id='word_1_248' title='bbox 427 2262 439 2299; x_wconf 85' lang='lat'>2</span> <span class='ocrx_word' id='word_1_249' title='bbox 451 2274 471 2307; x_wconf 86' lang='lat' dir='ltr'>q.</span> <span class='ocrx_word' id='word_1_250' title='bbox 484 2263 495 2300; x_wconf 81' lang='lat'>6</span> <span class='ocrx_word' id='word_1_251' title='bbox 507 2274 525 2300; x_wconf 87' lang='lat' dir='ltr'>a.</span> <span class='ocrx_word' id='word_1_252' title='bbox 538 2263 557 2300; x_wconf 88' lang='lat'>1.</span> <span class='ocrx_word' id='word_1_253' title='bbox 568 2263 588 2300; x_wconf 87' lang='lat'>2.</span> 
     </span>
    </p>
   </div>
   <div class='ocr_carea' id='block_1_7' title="bbox 58 2352 214 2360">
    <p class='ocr_par' dir='ltr' id='par_1_8' title="bbox 58 2352 214 2360">
     <span class='ocr_line' id='line_1_29' title="bbox 58 2352 214 2360; baseline 0.019 -3"><span class='ocrx_word' id='word_1_254' title='bbox 58 2352 214 2360; x_wconf 76' lang='lat'>—..——-.</span> 
     </span>
    </p>
   </div>
   <div class='ocr_carea' id='block_1_8' title="bbox 103 2412 706 2632">
    <p class='ocr_par' dir='ltr' id='par_1_9' title="bbox 104 2412 233 2451">
     <span class='ocr_line' id='line_1_30' title="bbox 104 2412 233 2451; baseline 0.008 -8"><span class='ocrx_word' id='word_1_255' title='bbox 104 2413 131 2438; x_wconf 73' lang='lat' dir='ltr'>im</span> <span class='ocrx_word' id='word_1_256' title='bbox 144 2412 165 2444; x_wconf 89' lang='lat'>10</span> <span class='ocrx_word' id='word_1_257' title='bbox 176 2412 192 2451; x_wconf 85' lang='grc'>6,</span> <span class='ocrx_word' id='word_1_258' title='bbox 204 2412 233 2445; x_wconf 85' lang='grc'>44.</span> 
     </span>
    </p>

    <p class='ocr_par' dir='ltr' id='par_1_10' title="bbox 104 2472 706 2570">
     <span class='ocr_line' id='line_1_31' title="bbox 104 2472 706 2513; baseline 0.007 -10"><span class='ocrx_word' id='word_1_259' title='bbox 104 2475 131 2496; x_wconf 75' lang='lat'>112</span> <span class='ocrx_word' id='word_1_260' title='bbox 144 2472 202 2504; x_wconf 90' lang='lat' dir='ltr'>Liber</span> <span class='ocrx_word' id='word_1_261' title='bbox 213 2475 281 2505; x_wconf 89' lang='lat' dir='ltr'>contra</span> <span class='ocrx_word' id='word_1_262' title='bbox 294 2473 409 2506; x_wconf 86' lang='lat' dir='ltr'>collatorem</span> <span class='ocrx_word' id='word_1_263' title='bbox 421 2473 437 2512; x_wconf 78' lang='lat'>7,</span> <span class='ocrx_word' id='word_1_264' title='bbox 450 2473 469 2512; x_wconf 81' lang='lat'>2;</span> <span class='ocrx_word' id='word_1_265' title='bbox 482 2474 515 2507; x_wconf 85' lang='lat' dir='ltr'>ML</span> <span class='ocrx_word' id='word_1_266' title='bbox 528 2474 556 2512; x_wconf 81' lang='lat'>51,</span> <span class='ocrx_word' id='word_1_267' title='bbox 569 2474 612 2513; x_wconf 79' lang='lat'>222;</span> <span class='ocrx_word' id='word_1_268' title='bbox 627 2475 643 2507; x_wconf 99' lang='lat' dir='ltr'>R</span> <span class='ocrx_word' id='word_1_269' title='bbox 654 2474 706 2508; x_wconf 79' lang='lat'>2034.</span> 
     </span>
     <span class='ocr_line' id='line_1_32' title="bbox 105 2532 235 2570; baseline 0.015 -7"><span class='ocrx_word' id='word_1_270' title='bbox 105 2532 235 2570; x_wconf 46' lang='lat' dir='ltr'>mma&amp;</span> 
     </span>
    </p>

    <p class='ocr_par' dir='ltr' id='par_1_11' title="bbox 103 2592 516 2632">
     <span class='ocr_line' id='line_1_33' title="bbox 103 2592 516 2632; baseline 0.015 -12"><span class='ocrx_word' id='word_1_271' title='bbox 103 2594 131 2620; x_wconf 73' lang='lat' dir='ltr'>2t14</span> <span class='ocrx_word' id='word_1_272' title='bbox 145 2592 211 2625; x_wconf 87' lang='lat' dir='ltr'>Sermo</span> <span class='ocrx_word' id='word_1_273' title='bbox 223 2592 252 2631; x_wconf 83' lang='grc'>38,</span> <span class='ocrx_word' id='word_1_274' title='bbox 263 2593 283 2631; x_wconf 70' lang='lat'>33</span> <span class='ocrx_word' id='word_1_275' title='bbox 296 2593 330 2626; x_wconf 86' lang='lat' dir='ltr'>ML</span> <span class='ocrx_word' id='word_1_276' title='bbox 340 2593 368 2632; x_wconf 81' lang='lat'>54,</span> <span class='ocrx_word' id='word_1_277' title='bbox 380 2594 424 2631; x_wconf 85' lang='grc'>261;</span> <span class='ocrx_word' id='word_1_278' title='bbox 436 2594 452 2626; x_wconf 89' lang='lat' dir='ltr'>R</span> <span class='ocrx_word' id='word_1_279' title='bbox 463 2594 516 2626; x_wconf 84' lang='lat'>2200.</span> 
     </span>
    </p>
   </div>
   <div class='ocr_carea' id='block_1_9' title="bbox 59 2652 882 2751">
    <p class='ocr_par' dir='ltr' id='par_1_12' title="bbox 59 2652 882 2751">
     <span class='ocr_line' id='line_1_34' title="bbox 103 2652 882 2693; baseline 0.006 -9"><span class='ocrx_word' id='word_1_280' title='bbox 103 2655 131 2677; x_wconf 60' lang='lat' dir='ltr'>m</span> <span class='ocrx_word' id='word_1_281' title='bbox 145 2652 172 2684; x_wconf 88' lang='lat' dir='ltr'>De</span> <span class='ocrx_word' id='word_1_282' title='bbox 183 2653 220 2685; x_wconf 82' lang='lat' dir='ltr'>lide</span> <span class='ocrx_word' id='word_1_283' title='bbox 233 2653 257 2685; x_wconf 86' lang='lat' dir='ltr'>ad</span> <span class='ocrx_word' id='word_1_284' title='bbox 270 2653 350 2686; x_wconf 85' lang='lat' dir='ltr'>Petrum</span> <span class='ocrx_word' id='word_1_285' title='bbox 363 2653 391 2692; x_wconf 87' lang='lat'>32,</span> <span class='ocrx_word' id='word_1_286' title='bbox 405 2654 436 2692; x_wconf 82' lang='lat'>37;</span> <span class='ocrx_word' id='word_1_287' title='bbox 451 2654 484 2686; x_wconf 88' lang='lat' dir='ltr'>ML</span> <span class='ocrx_word' id='word_1_288' title='bbox 497 2655 525 2693; x_wconf 78' lang='lat'>65,</span> <span class='ocrx_word' id='word_1_289' title='bbox 540 2654 582 2693; x_wconf 72' lang='lat'><strong>7023</strong></span> <span class='ocrx_word' id='word_1_290' title='bbox 598 2655 614 2688; x_wconf 95' lang='lat' dir='ltr'>R</span> <span class='ocrx_word' id='word_1_291' title='bbox 627 2655 679 2688; x_wconf 83' lang='grc'>2272.</span> <span class='ocrx_word' id='word_1_292' title='bbox 691 2656 754 2688; x_wconf 86' lang='lat' dir='ltr'>Multa</span> <span class='ocrx_word' id='word_1_293' title='bbox 766 2656 882 2690; x_wconf 86' lang='lat' dir='ltr'>testimonia</span> 
     </span>
     <span class='ocr_line' id='line_1_35' title="bbox 59 2707 466 2751; baseline 0.015 -10"><span class='ocrx_word' id='word_1_294' title='bbox 59 2707 139 2743; x_wconf 78' lang='lat' dir='ltr'>Petrum</span> <span class='ocrx_word' id='word_1_295' title='bbox 151 2713 195 2744; x_wconf 86' lang='lat' dir='ltr'>vide</span> <span class='ocrx_word' id='word_1_296' title='bbox 208 2712 260 2751; x_wconf 81' lang='lat' dir='ltr'>apud</span> <span class='ocrx_word' id='word_1_297' title='bbox 272 2713 289 2746; x_wconf 83' lang='lat' dir='ltr'>R</span> <span class='ocrx_word' id='word_1_298' title='bbox 300 2723 336 2746; x_wconf 90' lang='lat' dir='ltr'>ser.</span> <span class='ocrx_word' id='word_1_299' title='bbox 349 2713 383 2747; x_wconf 77' lang='lat'>308</span> <span class='ocrx_word' id='word_1_300' title='bbox 396 2717 415 2747; x_wconf 90' lang='lat' dir='ltr'>et</span> <span class='ocrx_word' id='word_1_301' title='bbox 426 2714 466 2747; x_wconf 80' lang='lat'>314.</span> 
     </span>
    </p>
   </div>
   <div class='ocr_carea' id='block_1_10' title="bbox 0 0 984 3093">
    <p class='ocr_par' dir='ltr' id='par_1_13' title="bbox 0 0 984 3093">
     <span class='ocr_line' id='line_1_36' title="bbox 0 0 984 3093; baseline 0 0"><span class='ocrx_word' id='word_1_302' title='bbox 0 0 984 3093; x_wconf 95' lang='lat' dir='ltr'> </span> 
     </span>
    </p>
   </div>
  </div>
 </body>
</html>
