1952 3093
403 21 524 60 -107—

53 145 114 187 ritae,
125 154 171 180 sese
183 143 240 180 dono
252 143 287 181 dat
297 143 356 180 idern
367 143 470 188 Spiritus;
481 155 492 180 a
503 154 545 188 quo
555 144 658 195 nimirum
669 145 710 191 tuit
721 145 813 182 victoria
824 156 879 183 mar-

54 222 123 261 tyrum
135 218 155 252 et
166 215 274 259 virginum
289 215 315 253 de
328 215 437 253 illecebris
450 217 621 259 corruptelarum
634 216 763 261 triumphus.
778 217 834 261 Sese,
848 217 879 253 in-

53 288 144 334 quimus,
158 287 215 325 dono
230 288 266 325 dat
279 287 373 331 Spiritus
387 287 487 332 Sanctus;
504 287 586 326 Caritas
600 289 640 325 Dei
656 289 735 327 diffusa
751 289 817 328 estin
834 300 879 326 cor-

50 360 111 399 dibus
119 359 200 396 nostris
209 371 249 403 per
258 359 362 403 Spiritum
371 359 479 403 Sanctum,
488 360 525 404 qui
535 361 596 411 datus
605 364 637 397 est
646 361 709 399 nohis
717 365 741 398 ⁸⁶.
750 362 799 406 lpse
809 361 876 399 enim-

53 443 103 470 uero
117 442 161 469 non
176 432 240 469 modo
253 432 316 469 affert
329 432 392 469 nobis
407 432 482 469 divina
495 443 590 476 munera,
606 434 643 470 sed
658 419 783 471 eorumdem
798 438 829 471 est
845 446 879 472 au-

54 508 105 547 ctor,
122 506 185 548 atque
200 504 265 541 etiam
282 514 359 541 munus
375 505 421 547 ipse
438 509 469 541 est
485 515 618 549 supremum;
636 505 672 549 qui
690 517 702 542 a
718 509 791 543 mutuo
809 506 879 542 Patris

53 576 145 621 Filiique
158 587 230 613 amore
243 577 370 620 procedens,
384 576 430 614 iure
441 577 532 614 habetur
546 581 566 614 et
578 580 716 620 nuncupatur
729 578 829 614 altissimi
843 578 879 615 do-

54 660 104 686 num
114 649 161 687 Dei.
171 672 199 676 —
209 647 273 687 Cuius
285 634 337 686 doni
349 651 425 686 natura
438 652 458 686 et
470 649 503 687 vis
515 660 557 693 quo
570 649 675 687 illustrius
688 652 765 693 pateat,
777 660 879 688 revocare

54 724 138 764 oportet
151 732 241 765 eaquae
255 721 278 758 in
292 721 373 759 divinis
387 721 465 758 litteris
479 722 559 759 tradita
573 722 630 759 sacri
645 722 744 759 doctores
759 722 879 766 explicave-

54 796 108 836 runt,
121 794 188 831 Deum
203 793 304 831 videlicet
318 794 393 831 adesse
407 794 471 831 rehus
484 794 584 833 omnibus
598 795 621 831 in
636 794 709 838 eisque
724 805 776 839 esse,
790 806 829 838 per
843 806 879 838 po-

52 865 147 909 tentiam,
160 866 183 902 in
196 868 300 910 quantum
315 866 388 903 omnia
403 866 448 903 eius
461 866 562 910 potestati
577 866 708 910 subduntur;
723 877 763 911 per
777 877 877 910 praesen-

53 939 111 982 tiam,
124 938 145 975 in
158 942 261 982 quantum
273 938 346 976 omnia
359 938 416 975 nuda
428 942 508 976 suntet
521 942 595 982 aperta
608 939 677 976 oeulis
690 939 744 982 eius;
758 950 797 982 per
810 950 880 976 essen-

55 1012 111 1054 tiam,
123 1011 146 1047 in
159 1014 263 1055 quantum
276 1011 336 1048 adest
349 1011 450 1048 omnihus
461 1014 484 1048 ut
497 1022 561 1048 causa
575 1010 661 1048 essendi
669 1014 692 1048 ⁸⁷.
706 1011 732 1048 At
744 1021 795 1049 vero
808 998 830 1047 in
843 1011 880 1049 ho-

54 1084 111 1120 mine
120 1086 151 1120 est
160 1083 217 1120 Deus
226 1093 270 1120 non
280 1083 429 1120 tantummodo
438 1085 462 1119 ut
471 1083 493 1119 in
504 1083 575 1127 rebus,
585 1083 622 1120 sed
631 1095 656 1120 eo
667 1083 759 1127 amplius
769 1083 879 1127 cognosci-

54 1159 88 1192 tur
101 1155 127 1192 ab
141 1156 189 1199 ipso
201 1158 222 1192 et
236 1155 420 1199 diligitur;c1uum
434 1155 467 1192 vel
482 1155 536 1193 duce
550 1158 626 1193 natura
638 1155 719 1193 honum
734 1159 810 1198 sponte
825 1137 880 1192 ame-

54 1238 107 1269 mus,
120 1227 239 1270 cupiamus,
252 1227 412 1271 conquiramus.
424 1227 537 1265 Praeterea
550 1227 607 1264 Deus
619 1238 645 1265 ex
658 1227 727 1271 gratia
741 1227 822 1264 insidet
836 1228 880 1264 ani-

52 1310 97 1336 mae
110 1298 179 1336 iustae
193 1302 301 1343 tamquam
315 1299 338 1335 in
353 1299 440 1343 templo,
454 1299 520 1336 modo
532 1299 619 1342 penitus
634 1299 711 1336 intimo
727 1303 747 1336 et
762 1300 876 1343 singulari3

55 1382 137 1416 exque
154 1371 218 1408 etiam
233 1371 329 1415 sequitur
346 1382 370 1408 ea
385 1371 522 1409 necessitudo
539 1371 642 1415 caritatis,
658 1382 700 1416 qua
716 1371 761 1408 Deo
778 1371 881 1409 adhaeret

54 1444 126 1481 anima
139 1443 324 1487 coniunctissime,
337 1444 386 1487 plus
401 1454 464 1488 quam
479 1443 548 1481 amieo
563 1443 645 1480 amicus
660 1442 729 1487 possit
742 1443 880 1480 benevolenti

55 1516 147 1554 maxime
159 1519 179 1553 et
193 1515 278 1559 dilecto,
292 1526 360 1559 eoque
371 1516 435 1559 plene
449 1516 585 1559 suaviterque
600 1515 686 1553 truitur.
698 1538 726 1543 —
738 1515 796 1553 Haec
810 1518 880 1552 autem

54 1589 110 1626 mira
125 1587 257 1632 coniunctio,
273 1599 327 1632 quae
344 1599 381 1625 suo
397 1587 485 1624 nomine
501 1587 631 1624 inhabitatio
647 1586 733 1630 dicitur,
750 1586 880 1625 condicione

55 1664 137 1698 tantum
152 1671 189 1697 seu
204 1662 259 1697 statu
274 1660 300 1697 ab
314 1671 338 1697 ea
353 1660 480 1703 discrepans
495 1670 536 1704 qua
550 1659 637 1697 caelites
652 1659 708 1696 Deus
723 1659 809 1696 beando
824 1670 881 1697 eom-

54 1733 162 1776 plectitur,
177 1733 262 1770 tametsi
277 1732 389 1769 verissime
405 1731 496 1768 efficitur
509 1732 619 1775 praesenti
635 1731 700 1768 totius
715 1730 829 1769 Trinitatis
843 1742 881 1769 nu-

54 1805 118 1850 mine,
133 1804 221 1842 adeum
235 1805 346 1841 veniemus
359 1807 379 1841 et
393 1803 528 1840 mansionem
542 1803 600 1846 apud
615 1814 662 1840 eum
677 1803 814 1846 faciemus⁸⁸‚
830 1806 880 1841 atta-

55 1888 103 1914 men
120 1877 145 1914 de
160 1876 242 1921 Spiritu
258 1876 336 1914 Sancto
351 1879 460 1920 tamquam
474 1876 591 1919 peculiaris
607 1874 752 1919 praedicatur.
769 1874 880 1921 Siquidem

56 1949 142 1986 divinae
156 1952 176 1987 et
187 1948 296 1992 potentiae
310 1952 331 1985 et
345 1948 463 1992 sapientiae
475 1949 509 1985 vel
523 1948 544 1984 in
559 1947 647 1985 homine
661 1948 760 1991 improbo
775 1951 881 1991 apparent

55 2021 154 2066 vestigia;
168 2021 271 2064 caritatis,
284 2032 338 2065 quae
350 2020 440 2064 propria
453 2020 546 2064 Spiritus
558 2015 623 2056 veluti
636 2022 687 2057 nota
699 2023 736 2063 est,
750 2019 805 2056 alius
818 2030 881 2056 nemo

42 2089 43 2093 ’
56 2094 97 2131 uisi
110 2095 178 2131 iustus
190 2097 221 2131 est
232 2094 349 2137 particeps,
361 2093 428 2138 Atque
440 2093 494 2129 illud
506 2104 554 2129 eum
567 2104 590 2129 re
603 2092 710 2135 cohaeret,
723 2092 822 2129 eumdem
836 2092 881 2135 Spi-

56 2166 120 2203 ritum
131 2166 238 2203 nominari
253 2166 361 2208 Sanctum,
374 2165 423 2203 ideo
435 2165 499 2203 etiam
512 2166 570 2209 quod
582 2165 635 2208 ipse,
648 2164 732 2207 primus
744 2175 881 2207 summusque

55 2240 126 2282 Amor,
143 2239 226 2276 animos
241 2242 325 2276 moveat
342 2238 431 2282 agatque
442 2223 475 2275 'ad
492 2237 633 2280 sanctitatem,
650 2247 704 2281 quae
722 2237 807 2273 demum
825 2222 881 2273 arno·

55 2322 78 2348 re
91 2312 114 2348 in
128 2311 196 2348 Deum
209 2310 339 2348 continetur.
352 2310 488 2354 Quopropter
503 2309 612 2352 apostolus
625 2319 691 2353 quum
705 2308 772 2345 iustos
787 2308 881 2351 appellat

56 2384 158 2427 templum
170 2383 216 2427 Det,
231 2384 283 2420 tales
298 2393 340 2420 non
356 2393 456 2425 expresse
469 2382 539 2419 Patris
554 2384 589 2418 aut
603 2380 653 2417 Filii
667 2381 767 2424 appellat,
783 2380 821 2417 sed
835 2379 882 2424 Spi-

104 2567 121 2589 se
135 2563 184 2596 Rom
200 2564 216 2602 5,
232 2564 248 2595 5,

104 2628 121 2648 sr
135 2624 152 2657 s,
165 2624 199 2656 Th.
214 2625 229 2659 t,
243 2635 260 2663 q.
273 2625 289 2662 8,
304 2635 319 2656 a.
334 2625 349 2657 3.

104 2688 122 2709 <²8
135 2685 155 2716 lo
170 2684 197 2723 14,
213 2685 240 2717 23.
