1952 3093
378 50 500 92 -253-

35 222 37 225 Α
79 174 288 212 Inamissihilitatem
298 173 393 209 iustitiae
404 176 467 209 antea
477 173 520 208 iam
532 172 635 209 docuerat
653 171 704 208 Iov
712 175 720 207 i
728 182 742 207 n
750 171 758 207 i
766 182 778 207 a
786 181 800 206 n
808 182 822 207 u
830 182 853 214 s,

29 253 53 290 de
63 258 106 292 quo
116 258 132 284 s.
142 246 298 289 Hieronymus:
314 244 432 282 «Secunda
443 244 565 288 propositio
580 243 705 286 (Ioviniani)
718 246 755 287 est,
768 254 804 280 eos
815 254 853 287 qur

29 320 108 361 tuerint
117 318 227 361 baptizati,
237 329 250 355 a
260 317 346 354 diabolo
356 327 400 354 non
409 327 473 360 posse
482 316 567 353 tentari.
577 316 603 353 Et
611 327 638 353 ne
646 316 688 353 hoc
697 316 760 353 stulte
772 315 853 352 dixisse

29 394 143 434 videretur,
163 390 241 427 adicit:
264 389 397 433 Quicumque
417 392 488 425 autem
508 389 583 425 tentati
603 388 691 431 tuerint,
711 388 797 425 ostendi
817 398 854 424 eos

30 475 82 510 aqua
95 465 185 505 tantum,
199 464 219 499 et
233 471 277 498 non
290 461 369 504 spir-itu
380 461 507 506 baptizatos,
521 460 580 505 quod
594 461 617 497 in
630 460 717 498 Simone
730 460 791 504 Mago
803 460 854 503 legi-

30 547 81 575 muS.
92 534 155 572 Unde
166 537 187 571 et
198 533 290 570 Ioannes
303 533 367 569 dicit:
382 533 457 570 Omnis
470 533 507 576 qui
519 536 582 569 natus
594 535 626 569 est
639 544 664 569 ex
676 533 727 576 Deo,
740 535 854 575 peccatum

30 618 71 646 non
83 606 147 643 tacit:
161 605 264 650 quoniam
277 616 349 642 semen
360 605 429 648 ipsius
440 605 463 640 in
474 616 500 641 eo
512 607 594 641 manet:
610 608 630 641 et
640 615 684 642 non
695 607 766 648 potest
778 615 854 648 pecca-

30 680 58 724 r'e,
70 679 121 723 quia
134 690 160 716 ex
172 678 216 714 Deo
230 680 293 714 natus
307 680 344 715 est.
357 676 384 713 Et
396 677 419 713 in
432 677 474 714 hoc
487 676 598 713 manifesti
610 676 664 713 fiunt
676 676 715 713 filii
727 677 767 713 Dei
781 680 801 713 et
814 676 854 712 filii

32 750 112 790 diaboli
119 754 143 787 ⁷2.
158 749 184 786 Et
199 750 221 786 in
238 749 280 786 fine
296 748 416 792 Epistolae:
435 748 510 786 Omnis
525 749 563 793 qui
578 752 640 785 natus
658 752 689 786 est
705 760 731 785 ex
747 749 792 786 Deo
810 759 853 786 non

30 825 113 868 peccat3
131 822 168 858 sed
183 821 293 864 generatio
308 821 348 857 Dei
365 825 479 857 conservat
494 832 549 863 eum,
566 824 586 857 et
602 821 709 864 malignus
725 832 768 857 non
786 821 855 864 tangit

31 906 77 933 eum
86 907 96 930 »
106 898 129 930 ²³.

83 966 235 1002 Lutherus
263 965 381 1002 secundum
396 965 518 1002 doctrinam
534 976 594 1001 suam
610 965 636 1002 de
650 964 692 1003 fide
706 964 803 1001 fiduciali
819 966 855 1002 do-

31 1040 80 1082 cuit,
94 1037 205 1081 iustitiam,
220 1037 276 1074 sicut
288 1048 327 1080 per
341 1036 406 1074 fidem
421 1037 600 1081 apprehenditur,
614 1037 644 1073 ita
658 1037 733 1074 eadem
746 1036 788 1074 fide
802 1036 855 1074 fidu-

31 1112 79 1148 ciali
95 1110 194 1154 retineri;
209 1121 272 1153 quarn
286 1110 381 1152 primum
395 1110 451 1146 hanc
464 1109 528 1146 fidem
543 1110 608 1147 homo
624 1110 733 1153 relinquit,
749 1121 760 1146 a
774 1109 856 1146 iustitia

32 1181 118 1219 excidit.
129 1181 155 1217 Et
166 1181 254 1225 quidem
266 1181 297 1217 sic
308 1181 377 1218 solum
389 1181 472 1218 iustitia
482 1181 594 1218 amittitur.
605 1181 676 1218 Iustus
686 1182 709 1217 in
719 1181 779 1218 omni
790 1193 855 1225 opere

32 1256 113 1298 peccat,
128 1264 182 1297 quae
196 1255 286 1296 peccata
299 1253 322 1289 in
337 1264 359 1289 se
374 1256 423 1289 sunt
437 1253 546 1297 mortalia;
562 1253 624 1290 iustis
640 1256 710 1290 autem
725 1264 737 1290 a
751 1254 796 1290 Deo
811 1264 855 1291 non

32 1326 165 1368 imputantur
180 1328 201 1361 et
214 1325 244 1361 ita
259 1324 303 1360 illis
317 1327 366 1361 sunt
379 1325 479 1361 venialia.
493 1325 534 1361 Per
548 1336 572 1361 ea
586 1326 668 1362 iustitia
684 1336 727 1362 non
743 1314 855 1362 amittitur.

85 1396 164 1434 Contra
177 1399 291 1440 utrumque
304 1407 399 1433 errorem
413 1397 513 1433 statuitur
525 1397 599 1433 thesis.

85 1468 181 1504 elustus.
191 1496 208 1505 ..
221 1468 301 1504 amittit
308 1480 330 1505 »2
346 1468 430 1505 Iustitia
443 1471 532 1512 accepta
546 1472 577 1506 est
592 1469 725 1507 amissibilis.
738 1469 793 1513 Ergo
808 1481 856 1513 pos-

33 1540 94 1577 sibile
107 1544 144 1582 est,
158 1539 296 1576 iustificatum
308 1540 387 1576 iterum
399 1539 445 1576 fieri
458 1540 571 1577 inimicum
585 1541 631 1584 Dei,
645 1544 788 1584 peccatorem,
804 1545 824 1579 et
838 1545 856 1578 si

33 1612 55 1647 in
69 1613 107 1648 tali
122 1614 178 1648 statu
192 1612 290 1655 moritur,
307 1612 415 1656 damnari;
432 1622 482 1655 ergo
497 1612 575 1656 aliquis
591 1613 697 1656 reprobus
713 1624 752 1656 per
768 1614 856 1657 aliquod

33 1687 116 1726 tempus
131 1686 202 1726 potest
216 1695 262 1720 esse
277 1684 300 1719 in
314 1686 370 1720 statu
384 1684 465 1727 gratiae
480 1688 500 1720 et
514 1684 570 1722 filius
586 1685 632 1721 Dei.
648 1685 705 1722 Haec
721 1689 797 1722 contra
812 1685 856 1722 Cal-

34 1765 114 1791 vinnm.

85 1804 169 1865 «Omni
180 1830 269 1870 peccato
282 1827 368 1864 mortali
377 1839 399 1864 a:
414 1827 470 1871 Ergo
484 1838 527 1865 non
540 1829 585 1865 sola
597 1828 730 1873 infidelitate,
743 1830 781 1866 sed
793 1830 857 1866 etiam

34 1897 81 1935 aliis
93 1899 190 1941 peccatis
203 1899 275 1935 anima
287 1898 331 1935 vita
343 1899 503 1942 supernaturali
515 1900 599 1943 privari
611 1903 688 1943 potest,
701 1912 755 1945 quae
768 1904 857 1944 peccata

34 1972 146 2013 propterea
161 1969 261 2007 mortalia
275 1973 381 2007 vocantur
388 1974 412 2008 ⁷4.
427 1971 485 2008 Haec
500 1974 576 2008 contra
589 1972 712 2009 Lutherum.

35 2108 148 2145 strat,qu1a
160 2116 201 2138 vere
213 2117 236 2138 ex
248 2110 310 2139 morte
322 2111 399 2146 ereptos
411 2109 431 2140 in
443 2110 554 2141 custodiam
566 2119 622 2141 suam
633 2110 721 2149 recipiat,
733 2111 767 2143 sed
779 2113 858 2144 tantum

35 2165 75 2197 illis
89 2168 205 2199 manifestat
216 2170 340 2205 praesentem
353 2169 515 2201 misericordiam.
526 2169 576 2201 Viva
590 2172 656 2202 autem
669 2170 714 2203 fidei
728 2171 793 2204 radice
805 2172 858 2204 solos

35 2225 105 2259 electos
123 2228 221 2265 dignatur,
238 2231 260 2259 nt
277 2228 297 2259 in
315 2229 373 2260 finem
391 2238 453 2268 usque
471 2232 618 2267 perseverent».
636 2230 739 2263 Institutio
756 2231 858 2270 religionis

35 2285 160 2325 christianae,
172 2288 206 2318 lib.
217 2288 227 2319 3
239 2297 280 2325 cap.
292 2288 308 2320 2.
319 2288 375 2327 Corp.
387 2289 429 2321 Rei.
439 2289 467 2327 30,
479 2289 513 2321 406
524 2300 538 2321 s.

82 2350 99 2370 ⁷2
113 2347 154 2378 110
167 2347 183 2385 3,
196 2348 212 2379 9.

83 2409 100 2431 ⁷³
114 2407 122 2438 1
136 2407 156 2439 lo
170 2408 185 2446 5,
199 2408 227 2440 18.
240 2427 264 2430 —
276 2408 368 2441 Alversus
381 2409 513 2448 Iovinianum‚
527 2410 561 2442 lih.
575 2410 591 2448 2,
604 2411 623 2449 1;
638 2411 671 2443 ML
684 2411 712 2450 23,
727 2412 759 2444 281
773 2422 788 2445 s.

83 2470 100 2490 ⁷⁴
113 2467 140 2499 De
156 2469 229 2499 natura
245 2468 326 2500 illorum
341 2471 466 2507 peccatorum
483 2470 527 2501 vide
543 2472 640 2503 tractatus
658 2472 681 2503 de
698 2473 792 2511 peccatis;
811 2483 826 2505 e.
843 2481 859 2512 g.

37 2523 101 2564 Pesch‚
113 2528 161 2559 tom.
175 2528 185 2560 9
197 2535 240 2566 pag.
254 2528 288 2561 209
302 2538 334 2567 ss,
347 2529 381 2568 qui
394 2539 449 2568 prop.
463 2529 485 2561 24
499 2530 528 2562 ita
541 2530 634 2563 describit
648 2534 749 2570 peceatum
763 2533 857 2566 mortale:

37 2584 156 2618 «Peccatum
173 2588 257 2620 mortale
275 2589 352 2621 actuale
368 2591 397 2621 est
414 2592 468 2621 actus
486 2590 589 2622 moraliter
607 2593 625 2623 et
643 2592 729 2630 perfecte
746 2593 802 2632 liber,
820 2603 859 2633 qno

36 2642 94 2676 homo
108 2656 127 2678 se
142 2648 170 2679 ita
184 2649 281 2680 convertit
295 2649 320 2680 ad
333 2649 407 2681 honum
421 2652 508 2682 creatum
522 2651 563 2688 lege
578 2651 646 2683 divina
658 2652 788 2691 prohibitum,
803 2657 825 2686 ut
839 2664 859 2687 se

37 2703 153 2743 simpliciter
168 2710 244 2741 avertat
258 2719 269 2741 a
283 2709 323 2742 Deo
336 2709 373 2741 fine
389 2710 478 2742 ultimo»
496 2710 548 2748 (pag.
564 2711 616 2748 212);
633 2715 652 2744 et
667 2715 769 2750 peccatum
782 2714 860 2747 veniale
