1952 3093
111 119 123 153 'a
132 116 154 155 Si
168 119 239 155 autem
252 116 298 162 filii,
314 121 334 156 et
346 117 449 155 heredes:
465 118 557 155 heredes
572 118 659 162 quidem
673 117 719 162 Dei,
735 118 852 157 coheredes
867 121 937 157 autem

112 189 211 228 Christi»
223 190 255 232 tu.
268 189 309 233 ia).
323 189 428 229 Condicio
442 194 512 228 autem
526 194 574 228 actu
587 191 715 236 acquirendi
727 192 784 228 hanc
795 191 937 230 hereditatem

113 266 154 300 est:
175 263 212 300 «si
229 266 300 300 tamen
318 264 462 307 compatimur
482 264 539 306 (cum
556 264 657 308 Christo),
673 275 687 301 u
714 267 734 302 et
751 263 938 308 conglorificemur

116 337 173 378 [cum
187 335 280 378 Christo)
290 349 301 373 »
319 337 347 378 (v,
361 336 401 379 17).
414 337 448 374 Ad
462 338 518 374 hanc
534 336 754 380 conglorificationem
769 337 859 380 speciali
873 337 938 375 modo
973 334 974 337 ’

113 408 207 452 pertinet
219 408 288 452 gloria
302 410 400 452 corporis
415 410 438 446 r'n
453 409 611 447 resurrectione
626 409 813 447 communicanda.
828 409 938 448 Revelatio

112 481 206 519 filiorum
216 481 256 518 Dei
266 481 337 519 adhuc
349 484 494 526 exspectatum
506 482 536 519 ita
547 485 566 519 et
576 482 619 525 ipsi
629 482 668 518 filii
679 482 719 519 Dei
731 481 802 519 adhuc
813 484 939 525 exspectant

113 554 136 590 id
150 553 209 597 quod
223 554 251 590 ad
264 554 386 597 perfectum
400 553 464 591 huius
478 553 589 590 filiationis
605 554 705 591 effectum
719 554 820 599 pertinet,
834 553 939 598 glorifica-

114 626 195 663 tionem
210 626 316 670 corporis.
328 625 359 664 Eo
374 636 438 664 sensu
453 627 562 670 apostolus
577 626 640 664 dicit:
658 626 703 664 «Et
717 637 757 664 nos
772 627 815 669 ipsi
830 626 939 670 primitias

113 697 202 741 spiritus
217 697 332 737 hahentes:
350 701 370 736 et
384 698 428 742 ipsi
442 698 499 735 intra
515 709 554 735 nos
569 698 674 741 gemimus
690 698 829 742 adoptionem
843 697 937 736 filiorum

114 771 153 808 Dei
166 774 321 815 exspectantes,
334 770 506 814 redemptionem
519 769 617 815 corporis
631 771 718 808 nostri»
736 772 763 813 (v.
777 770 817 813 23).
829 794 857 798 -
869 770 939 808 Simili

112 842 177 880 modo
190 843 280 880 eandem
294 843 415 881 doctrinam
428 842 517 886 exponit
530 842 567 880 Gal
579 843 596 887 4,
609 843 653 880 4-7;
668 856 679 879 «
687 843 713 880 At
725 843 762 880 ubi
775 843 834 880 venit
845 843 937 887 plenitu-

116 916 143 953 do
152 915 263 960 temporis,
274 915 334 972 misit
343 917 400 953 Deus
410 915 489 953 Filium
499 927 560 952 suum
571 916 652 953 lactum
664 927 689 953 ex
700 914 797 959 muliere,
808 915 890 953 factum
901 916 940 953 suh

114 990 167 1033 lege,
181 992 204 1025 ut
218 1000 260 1033 eos,
275 989 315 1033 qui.
327 989 365 1026 sub
379 990 425 1032 lege
439 991 506 1033 erant,
520 989 643 1033 redimeret,
656 992 679 1025 ut
693 988 833 1032 adoptionem
846 987 940 1025 filiorum

116 1061 268 1105 reciperemus.
285 1061 391 1105 Quoniam
407 1063 478 1099 autem
495 1061 547 1099 estis
564 1060 610 1105 filii,
628 1061 688 1099 misit
704 1061 761 1098 Deus
780 1060 884 1104 Spiritum
901 1060 941 1097 filii

116 1134 149 1171 sui
165 1134 188 1170 in
204 1134 356 1172 cordavestra
373 1134 512 1170 clamantem:
532 1132 598 1177 Abba,
613 1133 683 1170 Pater.
699 1133 773 1178 Itaque
790 1133 833 1170 iam
848 1143 893 1170 non
911 1136 942 1170 est

116 1217 196 1249 servus,
208 1205 247 1243 sed
257 1205 325 1243 fitius:
340 1205 402 1250 Quod
414 1205 433 1243 si
442 1204 510 1243 filius:
522 1207 543 1242 'et
553 1205 616 1243 heres
628 1216 667 1248 per
679 1205 747 1242 Deum
755 1217 773 1242 ».
786 1203 818 1242 Cf.
829 1204 877 1248 Eph
890 1205 908 1246 1,
922 1205 939 1242 5.

170 1278 355 1317 Generatio:
381 1279 408 1316 Hi
425 1279 465 1316 filii
481 1290 507 1315 ex
524 1279 569 1316 Deo
586 1281 722 1322 generantur,
739 1279 864 1315 nascuntur.
881 1277 905 1315 Io
923 1277 941 1320 1,

115 1351 146 1389 12.
160 1351 201 1389 132'
211 1364 222 1388 «
232 1351 292 1389 dedit
304 1351 335 1389 eis
348 1353 477 1395 potestatem
490 1351 546 1389 filios
559 1351 599 1388 Dei
610 1350 663 1394 fieri,
677 1350 732 1388 his...
746 1350 784 1394 qui
797 1361 822 1387 ex
835 1350 881 1388 Deo
894 1350 939 1387 nati

118 1427 193 1462 sunta.
208 1424 254 1461 Hoc
270 1436 285 1461 s.
300 1424 392 1461 Ioannes
407 1424 430 1460 in
445 1424 516 1467 prima
532 1435 569 1461 sua
584 1423 675 1467 epistula
689 1423 771 1467 pluries
787 1423 875 1467 repetit:
893 1423 903 1459 1
919 1422 942 1460 Io

118 1497 136 1540 2,
147 1497 182 1542 29;
196 1497 214 1541 3,
227 1496 248 1541 93
262 1497 280 1540 4,
293 1497 315 1541 7;’
329 1497 347 1540 5,
361 1496 379 1534 1.
392 1496 424 1534 18.
437 1495 563 1533 Similiter]
577 1496 627 1533 Petr
638 1496 656 1540 1,
666 1497 686 1533 .3,
700 1495 783 1539 2331ac
796 1495 814 1539 1,
827 1495 861 1539 18;
873 1494 943 1539 bapti-

119 1580 176 1606 smus
189 1572 220 1606 est
229 1569 340 1606 lavacrum
352 1567 522 1612 regenerationis
533 1568 568 1605 Tit
580 1568 597 1611 3,
611 1569 631 1613 5,
643 1568 670 1605 ct.
681 1568 704 1605 Io
717 1568 735 1611 3,
746 1568 764 1604 5.
776 1566 836 1604 Idem
847 1566 943 1604 contine-

119 1642 188 1678 turin
202 1652 242 1679 usu
254 1641 314 1679 vocis
337 1643 395 1679 τέκνα
407 1643 460 1687 θεοῦ,
483 1643 528 1677 tum
543 1641 600 1683 apud
615 1652 631 1676 s.
644 1640 747 1677 Ioannem
766 1639 829 1683 (101,
845 1639 942 1684 12;110

119 1714 167 1758 3,1.
180 1714 202 1759 2;
216 1715 233 1756 5,
245 1713 272 1757 2),
286 1717 330 1751 tum
345 1713 402 1757 apud
415 1725 431 1750 s.
444 1713 534 1750 Paulum
551 1713 612 1754 (Rom
626 1713 644 1755 8,
659 1711 781 1757 16.17.21;
796 1712 814 1755 9,
828 1711 849 1756 8;
863 1711 911 1755 Eph
926 1712 943 1754 5,

120 1786 146 1828 1).
162 1786 197 1824 Sic
213 1786 310 1824 Christus
326 1790 357 1823 est
372 1785 529 1829 primogenitus
543 1785 566 1821 in
581 1785 653 1821 multis
668 1783 772 1822 tratribus
791 1783 853 1826 (Rom
869 1783 887 1826 8,
903 1782 943 1825 29).

118 1842 174 1903 Ergo
188 1870 237 1896 cum
249 1859 305 1896 Deus
317 1857 417 1896 homines
430 1857 486 1895 filios
500 1869 549 1895 suos
564 1857 622 1900 lacit,
637 1868 679 1894 non
694 1857 763 1893 solum
777 1856 825 1893 iura
838 1856 943 1901 quaedam

120 1931 151 1968 eis
167 1932 257 1976 confert,
275 1932 312 1969 sed
329 1930 385 1967 filios
401 1941 454 1975 quos
472 1930 566 1973 adoptat,
584 1932 677 1974 generat,
695 1929 719 1965 id
735 1932 767 1966 est
783 1929 850 1965 vitam
866 1939 944 1965 novam

119 2003 147 2041 iis
164 2004 314 2048 communicat,
331 2003 421 2047 speciali
438 2003 508 2046 aliqua
526 2003 609 2040 ratione
625 2005 724 2039 naturam
741 2012 800 2038 suam
816 2000 843 2038 iis
860 2000 945 2038 confert

124 2076 182 2117 (nam
194 2076 235 2113 hoc
250 2080 281 2114 est
293 2076 411 2119 generare),
423 2077 453 2112 ita
464 2078 487 2111 ut
500 2075 566 2111 vitam
578 2074 621 2111 iam
634 2073 731 2111 divinam
744 2058 822 2116 agant(

174 2148 370 2186 Consortium
394 2152 521 2187 naturae.
546 2149 687 2187 divinae:
707 2150 765 2187 Haec
777 2151 944 2188 communicatio

121 2224 209 2258 naturae
227 2221 313 2258 divinae
330 2222 432 2265 explicite
450 2222 539 2259 docetur
556 2222 567 2258 2
583 2222 633 2260 Petr
650 2222 667 2267 1,
685 2223 707 2260 4:
726 2233 785 2266 «per
800 2233 864 2268 quem
879 2223 945 2261 maxi-

121 2304 161 2334 ma,
173 2298 192 2330 et
201 2294 295 2336 pretiosa
305 2294 368 2331 nobis
379 2294 487 2337 promissa
498 2294 597 2331 donavit:
609 2297 633 2331 ut
642 2305 682 2338 per
692 2295 746 2332 haec
756 2294 880 2332 efficiamini
892 2295 945 2333 divi-

121 2375 161 2402 nae
174 2369 284 2403 consortes
297 2368 412 2403 naturae».
426 2366 490 2410 Haec,
502 2366 520 2403 si
532 2366 698 2404 considerantur
710 2377 759 2404 cum
770 2367 854 2412 reliqua
867 2366 946 2405 doctri-

119 2448 148 2474 na
158 2437 214 2475 Novi
224 2437 356 2475 Testamenti
369 2438 433 2475 facile
446 2438 596 2482 intelliguntur
608 2439 634 2476 de
646 2439 843 2477 communicatione
855 2443 943 2477 naturae

123 2510 209 2547 divinae
225 2511 268 2547 iam
285 2511 319 2548 his
337 2512 359 2547 in
377 2511 441 2548 terris
458 2511 578 2548 viatoribus
595 2512 653 2548 tacta
672 2511 725 2553 (non
742 2511 768 2549 de
786 2512 858 2556 aliqua
876 2513 947 2549 adhuc

122 2582 209 2627 futura),
222 2594 288 2628 eaque
301 2584 393 2627 physica
406 2587 426 2621 et
438 2583 498 2627 reali,
512 2594 556 2621 non
571 2584 640 2622 solum
654 2584 731 2621 morali
746 2595 771 2621 eo
785 2594 856 2628 sensu,
870 2587 894 2622 ut
907 2595 947 2628 per

122 2658 181 2693 actus
195 2655 263 2693 bonos
277 2656 321 2693 Deo
336 2656 459 2694 conformes
473 2656 595 2693 evadamus.
608 2655 634 2693 Et
646 2656 693 2700 ipse
706 2667 790 2701 quoque
803 2659 874 2694 textus
888 2656 911 2693 in
925 2667 947 2693 se
