1952 3093
395 32 504 69 *01*

40 151 118 191 lorium
135 154 239 195 quantum
257 151 284 189 ad
301 142 408 195 operandi
426 151 541 190 modum».
558 152 692 196 Respondet:
714 153 818 196 «Duplex
836 155 868 190 est

39 224 96 264 enim
109 222 213 262 adiutorii
225 233 299 268 genus,
313 227 334 262 et
348 226 506 269 consequenter
520 224 600 269 duplex
613 224 732 263 adiuvandi
746 225 831 270 modus,
844 236 867 262 u-

41 308 91 336 num
104 299 136 335 est
147 296 279 334 adiutorium
292 308 344 342 quo:
356 298 446 335 alterum
459 296 506 334 sine
519 308 561 341 quo
574 308 625 336 nori.
639 298 685 336 Hoc
698 302 735 342 est,
749 308 816 336 unum
830 301 868 341 est,

40 382 81 417 quo
94 369 178 415 aliquid
190 369 223 415 fit;
238 371 335 414 alterum,
350 371 396 407 sine
410 381 453 415 quo
467 380 511 408 non
525 370 554 408 fit.
567 370 678 415 Exemplis
691 382 725 409 res
738 371 868 409 illustranda

42 447 78 482 cst.
92 442 152 480 Visio
168 446 200 482 est
214 443 353 486 adiutorium,
368 447 391 481 ut
406 444 490 489 videas3
506 443 544 481 sed
559 444 589 481 ita
605 444 699 488 adiuvat,
713 448 736 482 ut
752 455 776 482 ea
790 443 868 488 posita,

41 516 112 556 statim
125 516 206 560 videas,
220 516 278 560 quod
292 517 315 553 in
329 517 430 553 omnibus
443 517 514 554 causis
529 516 656 553 formalibus
670 518 742 554 locum
756 517 828 554 habet.
843 517 868 553 ln

41 589 182 628 efficientibus
200 592 270 627 autem
288 590 329 626 tole
347 590 479 627 adiutorium
496 593 526 626 est
542 590 580 626 illa
597 590 725 627 simultanea
743 590 868 633 cooperatio

40 662 88 701 Dei:
105 661 143 698 illa
157 661 239 705 quippe
254 661 309 705 data,
325 661 440 698 confestim
454 661 501 699 sine
516 672 577 699 mora
590 661 614 699 fit
628 662 735 707 oper-atim
752 672 806 705 quae
822 661 865 698 nisi

40 735 106 777 detur,
121 743 231 778 nunquam
245 733 287 770 flet.
300 733 369 771 Pedes
382 744 433 771 vero
449 737 498 771 sunt
513 733 645 771 adiutorium
661 734 688 771 ad
703 734 864 776 ambulandum,

40 805 100 844 navis
109 805 139 844 ,ad
151 805 304 850 navigandum,
316 816 360 843 nou
372 809 444 843 tamen
456 816 508 851 quo;
520 806 559 843 sed
571 806 618 843 sine
630 817 672 850 quo
684 816 735 844 non.
746 806 795 843 Non
808 805 866 844 enim

41 881 59 916 si
68 878 147 915 adsunt
156 878 230 922 pedes,
240 882 277 916 aut
286 878 355 934 navis
366 879 470 915 continuo
480 878 504 915 fit
515 879 632 915 ambulatio
644 882 679 915 aut
690 878 810 923 navigatio;
821 878 867 915 sine
885 882 887 884 ’

40 951 82 987 illis
93 953 165 988 tamen
175 950 223 988 fieri
235 951 311 995 nequit
318 954 352 988 »R
365 950 494 994 «Quaedam
506 950 564 987 enim
575 951 604 988 ita
617 950 721 988 adiuvant
732 954 866 995 potestatem,

43 1027 64 1062 ut
79 1034 126 1060 eam
141 1024 183 1061 hoc
198 1024 247 1067 ipso
263 1034 305 1068 quo
322 1025 406 1066 dantur,
422 1036 447 1061 ex
462 1025 560 1066 potentia
575 1024 597 1059 in
614 1026 685 1061 actum
701 1024 821 1067 extrahant,
837 1024 869 1068 ip-

43 1107 130 1140 sumque
145 1095 246 1134 effectum
262 1096 334 1140 reipsa
348 1100 441 1140 ponant:
459 1097 501 1133 alia
518 1107 568 1134 vero
584 1096 615 1133 sic
631 1096 741 1140 adiuvant,
757 1099 780 1133 ut
795 1099 869 1140 poten-

43 1171 93 1207 tiam
106 1169 197 1220 quidem·
206 1172 343 1213 praeparent,
356 1169 465 1211 roborent,
480 1170 563 1213 iuvent3
578 1169 666 1206 aliunde
679 1172 752 1206 tamen
765 1179 829 1213 quam
844 1180 869 1206 ex

41 1242 94 1285 ipsis
107 1241 212 1279 extractio
227 1241 338 1284 potentiae
351 1241 374 1278 in
390 1244 461 1278 actum
477 1241 603 1284 secundum,
618 1252 655 1278 seu
668 1242 738 1284 ipsius
753 1243 866 1284 potestatis

44 1314 160 1358 applicatio
171 1318 234 1359 atque
246 1314 397 1351 determinatio
409 1314 436 1351 ad
447 1314 553 1357 agendum
565 1315 686 1357 exspectari
697 1313 784 1351 debeat:
797 1313 870 1351 huius-

44 1387 102 1424 modi
115 1391 147 1424 est
161 1387 292 1424 adiutorium
305 1386 359 1423 lucis
374 1386 400 1423 ad
415 1386 539 1429 videndum,
555 1387 677 1429 specierum
690 1389 753 1430 atque
766 1386 870 1423 scientiae

44 1460 70 1496 ad
82 1459 254 1503 intelligendum,
269 1459 355 1496 habitus
371 1460 398 1495 ad
414 1459 555 1502 operandum,
570 1458 650 1501 pedum
666 1458 693 1495 ad
709 1458 870 1499 ambulandum,

44 1531 104 1568 novis
115 1532 143 1569 ad
154 1531 307 1574 navigandum,
321 1531 428 1568 suasionis
441 1533 542 1567 externae
556 1531 583 1567 ad
597 1531 738 1574 operandum,
752 1533 773 1568 et
785 1529 870 1567 infinita

44 1603 208 1642 similiaomnia
221 1604 302 1647 quippe
314 1602 445 1648 huiusmodi,
457 1602 577 1646 potentiam
590 1603 678 1647 quidem
691 1602 798 1646 operandi
810 1612 870 1646 prae-

43 1679 124 1719 parant,
136 1675 246 1718 adiuvant,
258 1675 371 1720 roborant;
384 1675 427 1711 nisi
439 1678 510 1712 tamen
523 1674 610 1712 aliunde
620 1675 727 1717 impulsus
740 1675 767 1712 ad
778 1685 868 1719 operan-

46 1748 94 1785 dum
107 1748 185 1792 veniat,
197 1748 253 1784 nibil
266 1748 307 1785 tiet.
321 1747 386 1785 Cuius
399 1747 454 1785 ratio
468 1747 583 1784 manifesta
596 1751 633 1788 est.
647 1747 698 1791 quia
709 1747 751 1784 ista
763 1746 870 1784 adiutoria

43 1824 90 1857 sunt
107 1820 203 1858 eiusdem
220 1820 305 1857 ordinis
321 1831 370 1856 cum
387 1819 490 1863 potentia,
507 1819 529 1855 in
548 1819 609 1856 cuius
626 1818 782 1856 imbecillitatis
800 1818 868 1856 subsi-

46 1892 104 1930 dium
119 1894 203 1930 dantur.
217 1893 272 1930 Nam
287 1904 312 1929 cx
328 1893 382 1936 ipsis
397 1892 518 1936 adiutoriis,
532 1896 552 1928 et
566 1903 591 1929 ex
605 1891 702 1935 potentia
717 1903 759 1929 una
774 1892 870 1934 perfecta

45 1968 64 2001 ct
76 1966 182 2009 completa
195 1965 301 2009 operandi
314 1966 404 2002 facultas
418 1964 563 2008 constituitur,
574 1975 628 2008 quae
641 1965 758 2001 voluntatis
772 1964 871 2007 imperio,

46 2036 106 2074 cuius
119 2041 150 2075 est
162 2037 257 2075 officium
269 2040 289 2074 et
301 2038 372 2080 seipsa
385 2041 405 2073 et
418 2036 518 2074 omnibus
531 2036 634 2079 potentiis
646 2036 685 2080 uti,
698 2037 728 2074 ita
739 2036 826 2079 penitus
839 2046 871 2073 su-

44 2106 113 2146 biecta
126 2112 204 2153 manet,
216 2120 241 2146 ae
253 2110 271 2145 si
284 2109 381 2152 potentia
395 2112 450 2146 esset
463 2109 508 2145 sola
522 2108 622 2145 omnibus
634 2108 749 2146 adiutoriis
762 2108 870 2145 destituta.

45 2179 75 2217 Ex
90 2192 132 2226 quo
148 2181 245 2225 efficitur,
262 2185 283 2218 ut
298 2182 396 2226 quamvis
410 2181 536 2218 huiusmodi
550 2179 658 2218 adiutoria
675 2181 697 2216 in
713 2179 822 2218 infinitum
837 2191 872 2218 au-

46 2257 152 2299 gerentur,
172 2265 282 2298 nunquam
303 2258 374 2292 tamen
394 2255 509 2296 propterea
528 2252 588 2289 tieret
609 2251 708 2296 effectus;
731 2252 769 2289 sed
789 2255 871 2289 tanturn

46 2326 173 2370 completius
184 2330 257 2371 posset
266 2326 323 2371 tieri;
334 2325 357 2362 fit
368 2328 438 2363 autem
449 2329 507 2370 tunc,
518 2324 605 2369 quando
616 2326 711 2368 potestas
720 2324 761 2360 ista
772 2325 800 2361 ad
810 2334 872 2366 agen-

48 2396 96 2435 num
109 2403 158 2437 actu
169 2399 294 2443 impellitur,
305 2410 348 2436 non
363 2400 385 2436 iit
397 2400 484 2443 quando
497 2411 540 2437 non
554 2401 692 2444 impellitur»
701 2405 715 2437 ⁸.

47 2533 58 2538 -.
63 2536 113 2542 ...-..

95 2644 101 2664 ἵ
116 2641 156 2673 Col.
168 2643 201 2674 145
212 2652 226 2673 s.

95 2703 102 2725 Ξ
116 2701 156 2734 Colo
170 2702 209 2735 147.
