1952 3093
469 12 577 64 -56-

116 146 162 182 litia
176 149 216 191 est3
233 158 244 183 a
259 157 300 190 qua
314 147 400 184 beatum
416 159 453 185 sen
467 148 547 186 iustum
562 149 624 186 illum
639 147 692 186 dicit
707 149 827 192 Psalmista,
842 148 880 194 qui
896 159 939 187 non

115 217 168 255 abiit
180 218 203 255 in
215 218 307 256 consilio
319 219 509 263 impiorum...»12.
521 221 605 258 Iustitia
617 220 681 259 huius
692 222 749 259 vitae
762 221 844 260 duabus
857 224 941 259 constat

114 291 219 335 partibus,
232 292 379 330 «remissione
391 293 493 330 videlicet
503 296 641 337 peccatorum
651 306 661 329 »
673 297 694 332 et
706 307 717 329 «
724 294 781 331 vitae
793 294 888 331 novitate
896 307 907 330 »
916 297 940 330 1³.

115 364 156 401 Sed
171 364 270 401 remissio
285 368 425 408 peccatorum
438 376 482 403 non
497 369 529 403 est
542 367 627 409 proprii
643 367 738 404 nominis
751 366 841 412 iustitia,
856 367 894 404 sed
910 378 940 403 re-

115 439 208 480 putatur,
227 436 277 481 quia
298 437 393 475 iustitiae
414 438 503 482 proprie
523 437 593 476 dictae
614 450 640 476 ex
660 442 721 483 parte
743 438 863 484 aequivalet
883 439 941 483 apud

114 509 182 546 Deum
189 512 213 546 14.
228 508 291 547 Unde
306 509 464 547 incrementum
479 512 500 547 et
514 510 620 554 perfectio
636 510 731 548 iustitiae
746 520 790 547 non
805 513 849 548 tam
864 521 938 548 secun-

116 581 166 618 dum
181 581 331 619 remissionem
344 586 483 626 peccatornm
498 583 632 621 aestimanda
646 587 683 628 est,
698 594 762 628 quam
776 584 895 621 secundum
910 594 941 620 re-

117 654 254 692 novationem
268 654 371 699 hominis‚
386 667 428 700 qna
442 657 477 693 lex
491 656 531 692 Dei
547 655 650 693 continuo
664 656 749 700 plenius
766 666 791 693 ac
805 655 891 699 plenius
905 655 941 693 ob-

117 730 214 764 servatur
221 731 245 764 ¹⁵.
257 727 337 765 «Licet
348 727 413 771 igitur
425 728 591 765 cathecumenus
602 731 637 765 aut
648 727 761 771 poenitens
773 730 822 765 ante
834 727 941 765 remissio-

117 809 165 836 nem
181 802 321 843 peccatorum
338 799 421 843 aliquid
436 800 531 837 iustitiae
547 799 645 837 habeat...
661 800 712 845 quia
729 804 800 837 tamen
816 810 860 838 non
877 799 942 837 habet

117 871 267 909 remissionem
282 874 428 916 peccatorum,
445 873 492 909 sine
509 883 551 916 qua
567 883 609 909 non
629 872 728 909 consistit
744 872 808 909 huius
825 872 884 909 vitae
900 871 942 909 ius-

117 944 170 987 titia,
184 944 269 981 etiamsi
283 945 395 988 proposito
410 947 431 981 et
444 944 500 981 vitae
513 944 678 982 conversatione
692 945 770 981 multos
784 944 824 981 Dei
838 943 894 981 filios
909 954 942 980 su·

117 1019 183 1059 peret,
198 1017 294 1053 nondum
310 1019 380 1059 potest
394 1017 463 1053 iustus
478 1016 552 1054 vocari
561 1029 572 1053 »
581 1019 605 1052 1⁶.

170 1088 236 1126 Libro
251 1089 314 1126 tertio
330 1089 373 1132 agit
388 1089 414 1125 de
428 1088 587 1125 iustificatione.
604 1088 676 1126 «Cum
692 1088 718 1125 de
731 1088 884 1125 iustificatione
900 1088 942 1125 dis·

118 1161 202 1205 seritur,
222 1161 240 1198 si
260 1160 423 1198 dialecticorum
442 1171 502 1198 more
520 1161 574 1198 illud
593 1163 675 1198 tantum
695 1159 823 1205 inquiratur,
842 1159 896 1204 quid
915 1159 943 1197 sit

117 1233 248 1276 iustificatio,
261 1235 281 1270 et
293 1232 371 1277 quibus
384 1232 481 1276 partibus
493 1235 592 1270 constare
606 1232 682 1270 debeat
692 1232 756 1275 plena
770 1235 790 1269 et
800 1232 884 1275 integra
897 1231 942 1269 eius

119 1304 222 1348 definitio,
234 1305 309 1342 habita
323 1305 447 1348 cognitione
462 1304 563 1349 iustitiae,
577 1305 603 1342 de
618 1315 659 1349 qua
673 1305 716 1341 iam
732 1304 833 1347 diximus,
847 1314 882 1341 res
896 1303 943 1341 hre-

118 1377 150 1413 vis
164 1389 188 1414 ac
200 1377 272 1414 facilis
283 1377 408 1421 inquiritur.
422 1376 476 1419 Quia
489 1377 545 1413 nihil
558 1376 617 1414 aliud
630 1379 662 1413 est
673 1373 803 1419 iustificatio‚
817 1386 881 1420 quam
894 1385 943 1412 con·

118 1450 178 1487 tiana
192 1449 297 1493 quaedam
311 1451 331 1486 et
345 1449 472 1486 indesinens
487 1449 514 1486 ad
529 1447 634 1485 iustitiam
648 1446 778 1491 progressio.
793 1446 878 1484 Iustitia
892 1457 943 1484 vero

119 1524 149 1558 est
161 1521 312 1558 mandatorum
325 1521 422 1558 omnium
432 1531 483 1557 vera
496 1520 601 1570 custodia,
613 1520 683 1557 autin
695 1520 820 1562 operatione
833 1519 942 1562 virtutum,

118 1593 173 1630 sieut
186 1593 208 1630 in
222 1592 307 1631 Christo
320 1592 367 1636 fuit,
380 1595 416 1630 aut
428 1592 556 1629 remissione
569 1594 714 1635 peccatorum,
726 1591 790 1628 sicuti
804 1591 827 1626 in
841 1590 941 1628 omnibus

119 1665 182 1703 nobis
196 1665 299 1709 quamdiu
313 1665 336 1701 in
350 1665 392 1702 hac
406 1664 450 1702 vita
464 1675 537 1702 snmus
550 1673 627 1707 magna
642 1675 667 1700 ex
681 1666 743 1707 parte
756 1662 870 1706 reperitur.
883 1662 943 1705 Nam,

119 1741 141 1775 ut
154 1739 184 1775 ait
197 1736 450 1781 Augustinus:·Christus
464 1736 516 1773 hinc
529 1737 593 1773 etiam
606 1719 674 1779 legem
688 1734 822 1778 adimplevit,
835 1735 893 1779 quod
905 1744 944 1777 per

118 1810 190 1847 carnis
204 1820 254 1847 suae
267 1808 397 1846 sacrificinm
412 1808 514 1846 sacerdos
527 1808 623 1851 effeetus,
638 1807 739 1851 impetrat
754 1807 817 1844 nohis
831 1806 942 1850 indulgen-

119 1883 171 1919 tiam
184 1885 329 1925 peccatorum.
344 1881 412 1925 Igitur
426 1881 482 1917 nihil
497 1880 556 1918 aliud
570 1882 601 1917 est
616 1880 746 1923 iustificatio,
761 1890 825 1924 quam
841 1878 943 1916 continua

119 1954 224 1998 quaedam
240 1954 363 1997 progressio
380 1956 423 1991 tam
440 1954 463 1990 in
480 1953 606 1997 operatione
621 1952 731 1995 virtutum,
749 1962 813 1995 quam
830 1951 852 1987 in
869 1950 942 1988 remis-

119 2026 179 2063 sione
192 2028 331 2069 peccatorum
339 2039 350 2062 »
359 2029 383 2062 1⁷.

173 2099 203 2135 De
219 2098 295 2136 merito
312 2098 375 2136 dicit:
395 2099 522 2143 «Quicquid
538 2100 566 2137 ad
581 2099 670 2137 humani
684 2101 769 2144 generis
785 2100 944 2144 reparationem

120 2171 220 2215 pertinet,
237 2171 260 2208 id
277 2181 321 2208 non
337 2171 417 2208 nostris
434 2171 518 2208 meritis
534 2172 629 2216 proprie,
647 2183 716 2217 neque
733 2174 789 2211 iusto
805 2173 845 2210 Dei
861 2173 944 2212 iudicio

119 2242 258 2280 tribuendum
269 2245 306 2286 est,
317 2243 367 2287 quia
377 2243 458 2286 alioqui
469 2243 543 2280 saitem
554 2255 580 2281 ex
591 2247 651 2287 parte
662 2255 756 2282 essemus
766 2246 835 2282 nostri
846 2245 943 2289 redemp-

169 2392 187 2413 12
200 2387 246 2427 Cap.
259 2388 279 2425 1;
291 2395 334 2427 pag.
347 2387 387 2421 103.

166 2451 186 2474 1³
198 2447 244 2487 Cap.
257 2448 333 2497 3‚·Apag.
347 2448 386 2481 104.

167 2511 184 2532 14
198 2508 243 2546 Cap.
257 2508 276 2545 5;
289 2515 331 2547 pag.
345 2508 384 2540 106.

167 2572 186 2594 1⁵
199 2568 244 2608 Cap.
256 2569 275 2607 6;
287 2576 330 2608 pag.
344 2568 378 2602 107

168 2632 185 2653 1⁶
198 2628 244 2667 Cap.
257 2629 276 2665 7;
291 2636 334 2667 pag.
349 2629 382 2661 107
398 2640 421 2667 s.;
437 2631 461 2662 cf.
475 2639 530 2668 prop.
544 2631 572 2669 42,
587 2631 614 2663 43.

168 2692 186 2715 ²7
200 2688 245 2729 Cap.
259 2690 278 2726 1:
292 2697 335 2729 pag.
348 2689 391 2729 147,
406 2690 430 2723 cf.
442 2700 496 2729 prop.
509 2690 537 2728 44,
551 2692 579 2725 69.
