1952 3093
410 46 531 84 -353-

51 174 95 201 cam
111 164 166 201 entis
179 164 272 201 absoluti
285 165 356 203 ideam
370 169 472 208 statuunt,
486 177 527 211 qua
543 167 684 204 coexistentia
698 167 781 205 entium
796 169 879 204 contiu-

49 236 146 280 gentium
160 234 306 274 excludatur»
315 241 339 275 ⁷⁰.
863 234 865 238 ’

102 309 124 346 Si
132 309 220 347 tandem
232 309 322 347 dicitur:
336 312 419 355 modus,
428 322 470 356 quo
482 322 531 349 cum
541 313 776 356 praedeterminatione
787 313 880 357 physica

51 382 180 419 concilietur
192 382 288 425 libertas.
303 386 335 421 est
348 384 482 428 mysterium,
497 385 673 428 respondendum
688 389 729 423 est:
747 387 766 428 1)
780 385 822 423 hoc
834 396 879 428 my*

51 454 140 492 sterium
152 455 209 492 Deus
220 454 298 493 nullibi
312 457 421 500 revelavit,
435 457 472 495 sed
484 461 515 495 est
528 457 655 501 figmentum
668 458 732 495 huius
745 458 878 502 systematis;

51 527 154 571 mysteria
169 531 239 565 autem
255 528 364 566 credimus
377 529 422 567 Deo
437 530 548 574 revelanti,
562 542 605 568 non
621 530 721 574 theologo
735 531 769 568 vel
784 530 879 574 philoso-

52 600 95 643 pho
111 600 220 646 opinanti;
236 600 256 642 2)
274 611 317 638 non
335 602 420 639 videtur
438 613 483 639 esse
500 604 633 646 mysterium,
651 603 689 640 sed
705 602 778 647 potius
795 605 880 640 contra-

52 673 129 717 dicti0;
145 683 205 710 nam:
222 673 288 711 relate
301 673 328 711 ad
342 673 400 711 idem
415 675 437 711 in
451 675 525 712 eodem
541 677 602 719 signo
617 686 663 713 esse
678 675 844 713 determinatum
859 678 880 711 et

51 745 242 783 indeterminatum
257 749 307 783 sunt
324 746 499 785 contradictoria.

105 817 160 861 Ergo
175 818 226 856 licet
241 819 346 863 quaedam
362 819 384 855 in
400 820 441 857 hoc
455 801 570 863 systemate
585 820 726 864 explicentur,
742 821 793 865 quia
807 823 878 857 tamen

52 894 128 928 contra
142 890 215 934 plures
231 891 338 935 veritates,
354 891 379 928 dc
395 891 473 936 quibus
489 895 547 930 certo
561 895 651 936 constat,
667 892 767 929 videatur
781 892 879 929 offende-

52 975 81 1007 re,
95 963 254 1000 admittendum
266 974 309 1000 non
323 966 363 1007 est3
378 973 428 1007 ergo
441 963 542 1001 efficacia
554 964 636 1007 gratiae
649 975 692 1001 non
705 968 736 1001 est
749 964 879 1007 explicanda

52 1047 90 1087 per
105 1035 362 1078 praedeterminationem
376 1035 496 1079 physicam.

53 1253 72 1290 ll.
86 1254 163 1295 systema
176 1255 329 1296 Augustlneuslun.

105 1372 207 1409 Defendit
221 1373 442 1416 praedestinationem
455 1373 481 1409 ad
495 1373 585 1416 gloriam
599 1372 697 1415 praecise
710 1375 817 1415 sumptam
830 1374 879 1408 ante

53 1445 152 1487 praevisa
170 1445 252 1481 merita.
270 1445 460 1482 «Praedestinatio
479 1445 506 1481 ad
524 1444 615 1487 gloriam
632 1444 744 1488 praecedit
761 1443 880 1487 praedesti·

53 1516 162 1554 nationem
178 1517 204 1554 ad
220 1517 362 1560 gratiamsll.
377 1516 415 1553 His
431 1516 587 1559 «beneplacito
602 1516 719 1553 voluntatIs
734 1526 785 1553 suae
800 1516 879 1553 consti-

53 1589 92 1626 tuit
108 1589 207 1626 conferre
222 1590 286 1626 talem
299 1589 396 1633 gratiam,
410 1599 464 1633 quae
479 1588 679 1632 concupiscentiam
693 1589 758 1625 etiam
772 1589 795 1624 in
810 1588 880 1632 bapti-

53 1661 105 1698 zatis
122 1664 268 1698 remanentem
283 1661 310 1697 ad
326 1662 406 1698 luctam
421 1661 550 1704 praesertim
565 1661 588 1696 in
605 1664 700 1697 extrema
716 1661 773 1697 vitae
787 1660 879 1703 periodo
930 1673 933 1682 ·

53 1734 163 1778 reprimat,
176 1734 206 1770 ita
219 1737 242 1770 ut
255 1733 352 1770 finaliter
365 1736 510 1776 perseverent,
524 1736 544 1770 et
556 1732 678 1770 efficaciter
691 1732 839 1775 perducantur
852 1733 879 1768 ad

53 1806 162 1848 gloriam»
172 1808 195 1841 rs,
217 1805 302 1849 Reliqui
323 1808 372 1842 sunt
391 1805 489 1849 negative
511 1804 627 1848 reprobati.
648 1804 797 1846 «Reprobatio
818 1813 880 1846 nega-

52 1877 95 1915 tiva
112 1889 172 1915 suam
189 1889 214 1916 ex
230 1881 291 1921 parte
308 1877 395 1925 reprobi
414 1888 510 1914 caussam
527 1876 597 1919 habet,
614 1887 691 1919 nempe
707 1876 814 1919 originale
830 1886 878 1918 pec-

52 1935 123 1987 catum
132 1963 149 1987 >>.
165 1950 203 1987 His
219 1950 294 1987 «Deus
311 1950 416 1987 donorum
431 1960 517 1986 suorum
532 1949 637 1985 Dominus
652 1948 722 1985 noluit
737 1950 818 1984 tantam
833 1956 879 1996 graf

52 2022 103 2059 tiam
119 2022 251 2066 impertire»
266 2025 369 2065 quantam
383 2020 550 2064 praedestinatis
558 2023 582 2056 ²⁹.

107 2094 162 2131 «Est
180 2104 230 2138 ergo
247 2094 315 2136 gratia
334 2093 448 2130 sufficiens
467 2103 530 2129 sensu
546 2092 680 2129 Thomistico
699 2102 724 2128 ac
742 2094 816 2128 nostro
835 2091 878 2132 illa,

52 2177 105 2209 uuae
119 2168 154 2203 dat
166 2178 236 2210 posse,
249 2176 291 2202 non
304 2166 367 2204 velle:
381 2168 416 2201 aut
428 2165 445 2201 si
459 2164 495 2201 dat
505 2164 565 2208 velle,
578 2163 637 2200 istud
649 2163 702 2200 adeo
715 2166 747 2199 est
757 2163 878 2199 invalidum

53 2242 115 2282 ntque
131 2238 290 2282 imperfectum,
305 2240 327 2274 ut
343 2237 450 2273 desideria
474 2236 546 2272 carnis
570 2236 678 2272 contraria
702 2234 879 2278 concupiscentis

52 2320 94 2347 non
113 2311 192 2352 vincat,
212 2310 254 2346 nisi
272 2309 437 2351 superveniente
455 2307 621 2349 flagrantissima
639 2310 659 2343 et
677 2306 828 2350 potentissima
846 2316 879 2343 ca-

57 2483 59 2485 ’
103 2482 121 2504 ῖθ
133 2478 203 2517 Lange,
217 2478 245 2510 De
259 2477 324 2516 gratia
337 2486 366 2509 nr.
381 2476 421 2509 641.
833 2503 834 2506 ,

103 2542 120 2564 ⁷⁷
134 2538 193 2577 Berti,
207 2537 234 2570 De
248 2536 364 2575 theologicis
379 2535 497 2574 disciplinis,
512 2535 546 2567 lib.
560 2536 570 2567 6
584 2544 625 2573 cap.
640 2535 651 2566 l
666 2544 700 2571 ss.;
717 2534 746 2566 ed.
761 2534 816 2566 Rom.
831 2532 882 2567 1739.

56 2600 103 2631 tom.
117 2599 126 2631 1
140 2605 183 2638 pag.
198 2596 238 2631 4³0.

104 2661 121 2685 ⁷⁸
135 2658 176 2691 Lib.
190 2658 200 2691 6
213 2668 254 2697 cap.
267 2658 298 2695 183
312 2664 354 2696 pag.
369 2656 408 2688 509.

104 2721 122 2743 ¹⁹
135 2717 216 2751 ibidem.

102 2849 196 2882 Lunnnnz.
208 2866 232 2873 -
244 2848 272 2881 De
284 2848 352 2881 Gratia
365 2846 508 2887 Redemptum.
