1952 3093
407 69 529 105 -235-

60 194 152 235 institiae
166 201 235 234 neque
251 190 277 227 de
292 190 337 227 eius
352 193 471 232 augmento.
486 190 503 225 A
516 189 669 226 iustificatione
685 189 821 232 distinguunt
836 198 883 224 san-

60 263 218 307 ctificationem
231 262 284 299 haec
295 265 365 299 autem
377 272 446 306 neque
455 264 487 298 est
497 261 579 298 iustitia
590 271 659 305 neque
669 260 697 298 ad
708 271 755 298 eam
765 262 882 305 pertinet]⁴

111 346 200 385 Saeculo
214 347 225 382 4
240 345 367 383 Iovinianus
382 338 557 390 inaequalitatem
571 345 679 382 bonorum
693 355 783 389 operum
799 347 820 382 et
834 355 883 387 pec-

60 426 160 461 catorum,
175 418 351 462 inaequalitatem
366 418 438 455 meriti
452 420 472 454 et
487 418 580 461 praemii
594 417 693 454 caelestis
708 417 801 461 negavit.

109 503 188 540 Contra
199 502 253 538 haec
264 512 314 546 ergo
324 502 442 539 affirmatur
450 502 475 538 in
483 501 553 539 thesi:
565 502 614 545 ipsa
624 501 707 538 iustitia
718 502 810 545 interna,
821 512 883 545 quae,

60 581 81 616 ut
94 577 155 613 antea
169 574 309 617 probavimus
322 577 354 611 est
367 574 415 617 ipsa
428 574 515 611 interna
529 572 675 610 sanctificatio·
685 576 706 610 et
719 573 834 610 renovatio
846 573 883 610 ho-

60 647 129 689 minis,
145 645 224 683 adultis
239 646 326 683 diverso
341 645 410 689 gradu
423 646 535 683 confertur
550 648 570 682 et
585 645 608 681 in
624 645 679 688 ipsis
694 646 769 682 eadem
784 645 838 682 haec
852 645 883 682 iu-

60 720 116 758 stitia
131 712 204 761 augeri
218 720 298 763 potest;
312 717 361 755 aliis
376 717 458 762 verbis;
473 718 543 761 gratia
558 716 696 754 sanctificans
711 720 732 754 et
745 717 838 754 virtutes
851 718 883 753 in-

60 795 116 830 lusae
130 801 174 827 uon
190 794 239 827 sunt
254 791 276 827 in
292 791 393 828 omnihus
404 791 533 827 'hominibus
548 790 627 827 adultis
644 790 742 834 aequales
758 794 778 826 et
794 792 885 832 possunt

60 862 253 901 inillis'crescere.

103 1090 114 1109 ‘1
130 1082 224 1116 Fermula
238 1084 363 1117 Concordiae.
378 1084 395 1116 11
410 1094 461 1123 pars.
476 1084 514 1116 Sol.
528 1083 645 1116 Declaratio.
659 1083 693 1115 111.
709 1083 736 1114 Dc
750 1082 829 1115 iustitia
842 1081 887 1114 fidei

61 1155 124 1179 coram
137 1146 183 1183 Deo,
194 1154 223 1177 nr.
237 1145 269 1177 18:
284 1145 351 1177 «Cum
363 1147 429 1178 autern
442 1145 561 1177 vocabulum
573 1144 728 1183 regenerationis
741 1153 775 1182 pro
788 1143 884 1176 vocabulo

61 1205 206 1238 iustificationis
217 1208 329 1243 usurpetur,
340 1214 418 1237 necesse
429 1207 464 1243 est,
476 1205 561 1237 utillud
571 1205 638 1237 dextre
649 1206 668 1236 et
680 1205 758 1243 proprie
770 1203 884 1243 explicetur,

61 1275 83 1298 no
98 1265 205 1304 renovatio,
219 1275 270 1303 quae
283 1265 444 1297 iustificationem
459 1265 554 1304 sequitur,
568 1274 613 1297 cum
627 1264 768 1297 iustificatione
781 1264 825 1296 fidei
839 1273 885 1296 cou-

61 1326 160 1363 tundatun
174 1326 208 1357 sed
220 1326 267 1362 haec
279 1328 330 1357 recte
343 1336 354 1357 a
366 1316 482 1358 seinvicem
496 1325 634 1358 discernantur
640 1335 656 1357 s.
668 1343 693 1348 -—
705 1318 736 1357 Nr.
745 1320 782 1357 '232
796 1335 806 1356 «
813 1324 836 1356 Et
850 1326 884 1363 qui

61 1395 111 1418 mere
124 1380 189 1423 gratia
202 1385 234 1423 (ut
248 1385 342 1423 diximus)
357 1387 438 1424 propter
449 1373 530 1433 unicum
542 1374 670 1418 hlediatorem
685 1384 792 1423 Christum,
806 1388 885 1417 tantum

61 1455 93 1485 per
107 1446 170 1485 tidem,
185 1434 228 1478 sine
242 1446 335 1478 omnihus
350 1445 442 1485 operibus
458 1448 477 1478 et
490 1445 566 1478 meritis
581 1455 647 1478 coram
662 1445 701 1478 Deo
717 1445 765 1477 iusti
775 1442 834 1483 sunt,
848 1433 892 1477 hoe

61 1508 94 1544 est,
106 1506 126 1537 in
138 1506 222 1543 gratiam
232 1506 267 1538 Dei
279 1506 411 1544 recipiuntur:
424 1506 456 1538 his
467 1506 528 1538 etiam
540 1506 625 1544 Spiritus
637 1505 719 1538 Sanctus
730 1506 794 1544 datur,
805 1508 840 1544 qui
848 1515 885 1537 eos

62 1570 141 1599 renovat
157 1566 346 1606 atquesauctificat,
360 1566 381 1598 in
397 1567 446 1605 ipsis
462 1566 587 1599 dilectionem
603 1574 648 1604 erga
662 1566 725 1598 Deum
740 1569 759 1598 et
775 1566 888 1604 proximum

61 1630 157 1665 operatur.
172 1627 220 1659 Cum
234 1630 300 1659 autom
314 1628 407 1659 inchoata
421 1627 457 1659 illa
470 1627 572 1660 renovatio
586 1628 607 1659 in
619 1628 656 1660 hac
668 1627 710 1659 vita
724 1627 750 1660 sit
763 1627 885 1666 imperfecta,

61 1690 79 1718 ct
89 1680 190 1725 peccatum
202 1687 264 1719 adhuc
274 1688 295 1719 in
306 1697 369 1726 carne,
380 1687 441 1720 ctiam
452 1688 473 1719 in
483 1688 563 1726 renatis,
574 1687 660 1720 habitet:
674 1687 753 1720 iustitia
763 1687 808 1720 fidei
819 1697 886 1720 coram

61 1747 98 1779 Deo
115 1748 135 1778 iu
153 1748 240 1785 gratuita
256 1751 275 1779 ct
291 1747 435 1786 benignissima
452 1748 584 1786 imputatione
601 1747 690 1780 iustiliae
707 1747 781 1780 Christi
801 1748 885 1787 (absque

61 1807 102 1838 ulla
113 1809 227 1840 nostrorum
240 1816 322 1846 operum
334 1808 443 1845 additione)
456 1808 554 1846 consistit,
567 1808 620 1847 quod
632 1808 724 1840 videlicet
735 1811 815 1846 peccata
827 1808 885 1840 nohis

62 1868 142 1900 remissa
153 1871 173 1900 et
182 1869 234 1900 tecta
245 1868 291 1907 sint,
302 1877 366 1908 neque
376 1868 434 1900 nobis
445 1869 574 1907 imputentur,
585 1868 635 1901 Rom
647 1868 664 1907 4,
675 1869 686 1900 a
696 1878 738 1907 sqq.
746 1879 762 1900 ».
771 1887 796 1891 -
807 1868 839 1901 Nr.
851 1868 883 1900 28:

62 1937 71 1958 «
79 1927 175 1959 Similiter
186 1930 205 1959 et
219 1928 321 1960 renovatio
334 1937 368 1960 seu
383 1928 518 1967 sanctificatio,
532 1928 623 1967 quamvis
638 1931 657 1961 et
671 1929 715 1966 ipsa
729 1928 756 1960 sit
769 1929 885 1961 beneficium

62 1987 174 2020 llediatoris
188 1988 262 2020 Christi
276 1991 357 2027 etopus
372 1988 457 2027 Spiritus
471 1988 543 2027 Sancti,
552 1975 595 2021 'non
610 1990 676 2020 tamen
692 1989 716 2021 ad
731 1988 838 2021 articulum
852 1992 886 2021 aut

61 2048 161 2085 negotium
173 2048 321 2081 iustificationis
334 2057 400 2080 coram
412 2048 452 2081 Deo
464 2048 554 2087 pertinet,
568 2049 601 2081 sed
614 2057 658 2081 eam
671 2049 766 2087 sequitur,
780 2049 828 2088 quia
841 2059 886 2088 pro-

61 2108 103 2144 pter
115 2109 180 2140 carnis
194 2110 274 2140 nostrae
286 2109 433 2147 corruptionem
447 2109 467 2140 in
480 2109 516 2141 hac
529 2109 572 2141 vita
585 2109 701 2147 imperfecta
715 2111 751 2148 est,
765 2112 784 2142 et
797 2110 886 2142 noudum

62 2168 152 2200 omnihus
166 2168 254 2200 numeris
270 2168 385 2200 absoluta».
399 2187 423 2191 —
437 2168 469 2200 Nr.
484 2168 517 2201 39:
535 2169 640 2207 «Denique
655 2168 691 2201 has
707 2169 805 2202 formulas
819 2173 886 2202 tenea-

61 2234 109 2265 mus,
127 2231 148 2259 ut
164 2237 227 2266 neque
244 2228 346 2261 renovatio
364 2238 427 2267 neque
445 2228 580 2267 sanctificatio,
596 2228 680 2261 virtutes
699 2233 733 2261 aut
750 2229 804 2263 hona
821 2239 886 2269 opera,

63 2289 163 2327 tamquam
178 2288 243 2322 forma
257 2291 291 2321 aut
304 2299 349 2327 pars
365 2293 399 2321 aut
413 2299 473 2322 causa
487 2289 635 2322 iustificationis
649 2293 683 2322 aut
698 2290 734 2322 suh
749 2290 889 2329 qualicumque

63 2352 169 2389 praetextu,
185 2350 244 2382 titulo
261 2354 295 2383 aut
311 2350 397 2389 nomine,
413 2350 497 2383 articulo
514 2351 667 2389 iustificationis
684 2354 787 2390 tamquam
805 2353 829 2384 ad
846 2362 889 2384 earn

63 2418 102 2441 rem
112 2412 223 2444 necessaria
234 2414 268 2444 aut
277 2412 403 2450 pertinentia,
414 2412 572 2451 immisceantur;
584 2412 618 2444 sed
627 2416 649 2445 ut
659 2412 703 2444 fidei
713 2413 792 2446 iustitia
801 2416 888 2446 tanturn-

62 2470 118 2503 modo
132 2472 153 2503 in
168 2473 285 2504 remissione
299 2474 423 2510 peccatorum
441 2473 474 2510 (err
488 2482 542 2505 mera
555 2473 624 2512 gratia,
639 2475 720 2512 propter
734 2474 800 2506 solum
815 2474 888 2506 Christi

62 2531 161 2570 meritum)
175 2533 277 2572 consistat,
291 2543 341 2572 quae
351 2533 405 2566 hona
417 2534 438 2565 in
449 2533 582 2572 promissione
593 2534 690 2572 evangelii
703 2534 761 2567 nobis
774 2535 889 2573 offerantur,

63 2593 81 2622 ei
99 2593 142 2626 sola
159 2594 196 2626 fide
214 2594 340 2633 recipiantur,
360 2594 533 2633 apprehendantur
550 2594 648 2635 nobisque
667 2595 814 2635 applicentur».
833 2597 850 2629 J.
868 2597 889 2628 Τ,

63 2652 137 2693 hitiller,
156 2655 192 2687 Die
212 2655 357 2694 symbolischen
376 2655 452 2687 Biicher
465 2656 505 2687 der
524 2656 792 2694 evangelisch-lutherischen
814 2658 888 2691 Kirchc.

63 2712 172 2755 Giitcrsloh,
188 2716 239 2754 1912,
253 2716 286 2749 613
301 2726 335 2754 ss.;
352 2716 376 2749 cf.
390 2727 450 2755 supra
463 2724 505 2755 pag.
521 2717 552 2755 483
568 2717 595 2750 77.
