1952 3093
456 64 484 69 —
498 41 536 79 118
550 63 577 69 —

104 176 153 202 men
169 175 212 201 non
231 164 317 207 dicitur,
334 163 384 208 quia
401 166 491 207 propter
507 163 574 200 solam
593 163 699 200 donorum
716 162 837 205 largitatem
854 172 928 199 secun-

105 237 156 274 dum
173 236 314 273 substantiam
330 236 352 272 in
370 235 433 273 nohis
450 238 511 279 esset,
529 234 613 272 etiamsi
631 234 712 279 alioqui
729 233 874 271 immensitate
891 244 929 272 sua

105 319 149 346 non
165 309 284 351 exsisteret,
300 308 338 345 sed
353 308 404 352 quia
419 318 468 345 cum
481 307 536 344 alias
551 307 574 343 in
589 306 652 344 nobis
668 307 702 350 sit,
718 317 774 343 novo
791 305 870 343 effectu
883 315 929 349 gra-

104 381 147 418 tiae
159 381 182 417 iu
194 380 258 418 nohis
271 390 376 423 apparere
388 379 497 424 dignatum
511 389 602 423 cumque
615 376 706 422 Spiritui
717 381 793 415 sancto
805 378 860 415 haec
873 378 930 415 dona

105 452 281 496 approprientur‚
295 453 342 508 ipse
354 462 440 496 quoque
454 451 532 489 donari
545 454 566 488 ct
580 451 607 488 ad
621 461 661 488 nos
675 450 732 487 mitti
746 449 832 494 dicitur,
848 453 930 487 etcum

105 535 130 562 eo
146 527 191 562 tota
205 524 302 561 Trinitas
317 524 392 561 venire
401 536 419 561 >>.
434 522 533 560 Attamen
550 523 569 560 si
585 523 607 558 in
624 534 648 560 eo
666 522 712 560 solo
728 522 818 566 sistitur,
833 522 930 559 nondum

105 596 192 633 videtur
208 596 325 639 explicatio
343 596 392 633 data
409 595 510 639 specialis
525 595 584 632 illius
601 594 742 639 praesentiae,
758 594 852 639 quaein
870 594 930 630 inha-

105 667 211 706 bitatione
225 667 342 705 invenitur.

160 739 216 777 Hinc
230 739 385 777 Gattier11⁶
399 742 489 777 conatus
501 741 534 776 est
547 738 661 776 ostendere
673 739 696 775 in
711 737 881 776 sanctificatione
894 738 931 775 ho-

106 812 172 849 minis
189 822 233 849 non
249 811 326 849 haberi
343 812 491 855 operationem
509 810 611 855 divinam,
629 811 694 847 sicuti
711 811 734 847 in
752 810 800 847 aliis
817 810 931 847 effectibus

106 883 153 927 Dei,
171 884 210 921 sed
227 884 376 927 operationem
393 883 509 927 specialem
526 883 591 926 plane
607 883 641 920 sui
658 883 750 926 generis,
767 882 851 920 ratione
870 882 931 919 cuius

107 955 281 999 correspondens
294 966 379 1001 quoque
393 955 517 999 praesentia
529 954 570 992 Dei
583 955 617 993 sui
631 955 721 992 omnino
736 954 821 998 generis
836 965 932 992 asseren-

108 1028 136 1065 da
150 1031 211 1065 esset.
226 1027 250 1063 In
265 1028 325 1064 omni
339 1027 427 1072 quidem
442 1027 521 1064 effectu
535 1027 646 1064 invenitur
661 1027 732 1070 aliqua
747 1026 866 1064 similitudo
883 1037 931 1063 cum

109 1110 146 1136 sua
162 1111 232 1143 causa,
249 1104 268 1136 et
283 1100 313 1136 ita
329 1099 393 1136 etiam
408 1099 431 1135 in
448 1099 512 1136 rebus
529 1099 607 1136 creatis
624 1099 744 1136 similitudo
761 1098 866 1143 quaedam
883 1109 931 1135 cum

108 1171 159 1213 Dec,
176 1172 227 1208 licet
242 1171 305 1208 valde
322 1171 456 1214 imperfecta,
472 1171 569 1208 habetur.
586 1170 649 1207 Nunc
667 1174 737 1207 autem
754 1171 869 1213 productio
886 1180 932 1214 gra-

109 1244 151 1280 tiae
165 1244 235 1280 tendit
250 1243 347 1286 praecise
362 1244 385 1279 in
401 1243 566 1279 similitudinem
581 1253 624 1280 non
640 1244 817 1286 qualemcunque,
833 1242 871 1279 sed
887 1254 932 1286 spe·

109 1315 192 1356 malem,
208 1315 235 1351 ad
248 1315 326 1359 Deum3
341 1317 373 1352 est
387 1315 445 1352 enim
458 1314 626 1352 communicatio
642 1318 730 1351 naturae
745 1315 838 1357 divinae,
854 1317 886 1351 est
899 1324 933 1358 ge-

109 1387 199 1428 neratio,
213 1398 267 1430 quae
282 1389 359 1424 natura
372 1397 410 1423 sua
424 1387 491 1424 estin
505 1386 671 1424 similitudinem
686 1387 815 1430 generantis.
829 1387 887 1424 Haec
902 1397 933 1423 as-

110 1459 212 1496 similatio
231 1459 258 1495 ad
276 1459 344 1495 Deum
362 1469 448 1495 omnem
468 1471 478 1494 «
487 1459 665 1496 assimilationem
673 1472 691 1501 »,
709 1469 763 1502 quae
782 1459 805 1494 in
824 1458 933 1496 creatione

109 1533 198 1567 naturae
209 1533 229 1567 et
240 1531 340 1567 omnibus
351 1530 464 1567 effectibus
476 1530 610 1567 naturalibus
620 1530 717 1575 hahetur,
730 1533 812 1567 tantum
824 1533 933 1567 transceu-

111 1602 148 1646 dit,
161 1605 264 1646 quantum
277 1602 440 1646 supernaturale
452 1602 587 1639 transcendit
598 1603 701 1639 naturale.
714 1602 875 1646 Consequenter
885 1613 934 1646 ope-

110 1674 171 1718 ratio,
184 1685 239 1718 quae
253 1675 323 1711 tendit
337 1675 360 1710 in
374 1674 431 1711 hanc
445 1674 623 1713 assimilationem
638 1674 760 1718 specialem,
776 1674 877 1711 similiter
891 1685 934 1712 om-

110 1746 164 1783 nino
178 1746 280 1789 specialis
294 1745 388 1784 dicenda
401 1749 439 1785 est.
451 1745 479 1783 Et
490 1746 574 1784 ratione
587 1746 651 1783 huius
666 1746 799 1790 operationis
813 1747 877 1790 plane
892 1746 934 1783 sin-

110 1818 191 1861 gularis
207 1819 324 1855 asserenda
338 1821 370 1856 est
385 1818 450 1856 etiam
466 1818 639 1862 correspondens
655 1819 779 1861 praesentia
793 1818 834 1856 Dei
850 1820 873 1855 in
890 1820 935 1855 ani-

111 1900 151 1932 ma,
166 1892 187 1927 et
200 1890 254 1927 haec
267 1894 301 1927 est
315 1890 363 1933 ipsa
377 1889 515 1927 inhabitatio.
528 1889 586 1927 Haec
600 1893 632 1928 est
646 1890 770 1934 explicatio,
783 1901 838 1934 quae
853 1902 879 1927 ex
892 1901 935 1927 una

111 1965 172 2005 parte
187 1973 238 1999 vere
253 1962 281 1999 iis
297 1962 459 2007 correspondet,
476 1972 530 2006 quae
545 1961 619 2000 Patres
636 1962 662 2000 de
678 1961 837 2000 inhabitatione
853 1963 934 2005 dicunt.

111 2037 133 2070 et
147 2044 202 2078 quae
218 2045 244 2071 ex
259 2034 326 2071 altera
341 2037 402 2078 parte
417 2033 513 2071 ostendit
528 2034 607 2072 realem
623 2037 643 2071 et
659 2034 775 2078 specialem
790 2035 935 2089 praesentiam

111 2106 151 2143 Dei
164 2106 187 2142 in
202 2106 303 2143 omnihus
316 2109 337 2143 et
350 2106 373 2143 in
387 2106 439 2143 solis
452 2105 522 2150 iustis,
537 2106 564 2143 de
577 2116 619 2150 qua
632 2106 679 2143 iure
695 2106 739 2143 dici
752 2108 834 2150 potest:
851 2106 935 2144 etiamsi

111 2177 168 2215 Deus
181 2187 284 2220 praesens
297 2187 341 2215 non
353 2180 409 2216 esset
421 2177 505 2215 ratione
516 2177 668 2215 immensitatis
681 2178 715 2215 vel
727 2177 814 2215 alterius
828 2178 891 2221 tituli,
904 2189 936 2214 ra-

112 2249 171 2287 tione
186 2249 250 2286 huius
266 2252 338 2286 tamen
355 2249 489 2293 operationis
505 2252 561 2287 esset
576 2260 686 2293 praesens
701 2250 783 2287 Nititur
799 2250 852 2287 haec
870 2250 936 2294 expli-

113 2320 169 2358 catio
183 2321 205 2357 in
220 2321 331 2365 principio
346 2321 465 2366 generatim
479 2321 580 2364 admisso,
595 2322 663 2358 Deum
677 2322 790 2359 «venire»
804 2323 827 2358 in
843 2322 936 2366 aliquam

113 2395 234 2445 creaturam
251 2396 272 2430 et
288 2394 311 2430 in
329 2404 353 2432 ea
370 2396 506 2436 praesentem
524 2404 569 2430 esse
587 2394 671 2432 ratione
690 2394 823 2437 operationis
843 2394 936 2436 divinae,

113 2465 191 2509 quain
206 2468 304 2502 creatura
318 2465 408 2508 ponitur
421 2465 517 2508 mutatio,
532 2475 585 2509 quae
600 2468 632 2503 est
646 2465 810 2503 fundamentum
825 2465 936 2503 relationis

113 2537 249 2580 praesentiae
264 2537 311 2575 Dei.
329 2537 364 2574 Sic
382 2537 469 2574 videtur
485 2537 539 2574 haec
557 2537 674 2580 explicatio
692 2537 750 2574 inter
767 2548 808 2581 eas,
827 2549 881 2582 quae
899 2538 936 2574 hu-

162 2702 189 2725 116
199 2698 333 2731 L'habitation
346 2708 369 2732 en
383 2708 433 2732 nous
445 2699 478 2731 des
491 2698 540 2731 trois
553 2699 667 2737 Personaes,
680 2699 735 2731 Paris
748 2698 799 2738 1928,
813 2707 855 2738 pag.
869 2699 903 2731 227
915 2708 939 2730 ss,
