1952 3093
423 55 545 92 -163—

124 180 230 223 Tempore
246 178 367 221 primorum
384 176 564 214 scholasticorum
581 175 733 212 affirmationes
750 174 899 217 inveniuntur,

72 263 132 298 quae,
148 252 166 288 si
182 251 245 288 obvie
262 252 381 292 sumuntur,
397 259 483 285 sensum
500 248 591 285 tortasse
605 248 742 290 pelagianum
757 246 845 288 hahent,
861 244 900 282 sed

72 336 97 364 ex
105 326 177 361 mente
187 323 286 366 ipsorum
296 324 408 358 auctorum
418 330 462 357 non
472 319 575 356 videntur
584 319 616 357 sic
626 318 780 363 intelligendae
787 322 812 354 ⁶³.
823 318 896 356 Saecu-

72 400 93 435 lo
107 396 131 433 14
148 398 168 434 et
183 395 207 432 15
221 394 301 432 similia
316 393 464 437 inveniuntur,
479 396 499 430 et
514 392 581 436 aliqui
596 391 691 435 theologi
705 391 807 429 videntur
823 400 899 427 revera

73 479 116 507 non
132 468 184 505 satis
199 466 323 504 defendisse
337 464 584 507 necessitatem-gratiae
600 464 628 500 ad
643 474 717 501 omnes
734 467 793 501 actus
809 472 899 506 praepa-

73 542 144 579 rantes
161 539 188 576 ad
204 537 379 576 iustificationem
386 540 412 574 ⁶⁴.

376 754 428 792 Doc.
444 752 566 791 Ecennsmn

127 900 192 937 conc.
207 899 313 937 cirrum
331 898 393 942 (418),
408 908 456 935 ean.
469 898 491 935 4:
508 897 581 934 altem
595 897 693 942 quisquis
707 897 793 942 dixerit,
809 897 900 934 eandem

74 972 164 1017 gratiam
180 971 220 1010 Dei
236 982 275 1015 per
291 971 364 1008 lesum>
379 970 488 1008 Christum
504 970 624 1007 Dominum
638 971 841 1012 nostrumpropter
857 968 900 1005 hoc

74 1047 156 1081 tantum
170 1054 209 1080 nos
222 1043 324 1080 adiuvare
339 1043 366 1079 ad
378 1053 422 1079 non
435 1042 578 1086 peccandum,
591 1042 642 1085 quia
654 1052 695 1085 per
707 1041 778 1085 ipsam
792 1041 856 1078 nobis
869 1051 900 1077 re-

74 1117 157 1153 velatur
171 1120 192 1153 et
206 1116 303 1159 aperitur
316 1114 460 1158 intelligentia
475 1113 632 1157 mandatorum,
647 1116 672 1151 ut
687 1113 780 1150 sciamus
796 1112 851 1158 quid
865 1123 900 1156 ap·

74 1191 153 1232 petere,
165 1187 218 1232 quid
230 1187 299 1224 vitare
312 1186 434 1230 debeamus,
447 1196 491 1223 non
504 1189 574 1223 autem
587 1185 697 1229 perillam
710 1185 774 1223 nobis
786 1187 900 1228 praestari,

74 1263 97 1297 ut
109 1259 168 1303 quod
181 1259 306 1296 iaciendum
320 1258 485 1301 cognoverimus
498 1258 562 1295 etiam
576 1258 647 1295 iacere
661 1257 776 1301 diligamus
790 1260 853 1301 atque
865 1267 900 1293 va-

74 1333 163 1375 leamus,
176 1332 200 1367 A.
216 1330 235 1368 S.
244 1334 287 1368 »⁶5.
301 1353 329 1358 —
340 1329 393 1367 Can.
407 1331 430 1367 5:
447 1330 520 1367 «Item
534 1330 623 1374 placuit,
637 1333 661 1367 ut
676 1329 806 1374 quicumque
821 1329 900 1366 dixerit

75 1403 124 1440 ideo
138 1403 201 1441 nobis
214 1403 305 1446 gratiam
318 1401 478 1440 iustificationis
493 1401 547 1446 dari,
559 1404 589 1446 ut,
596 1401 660 1445 -quod
671 1402 743 1439 iacere
757 1412 797 1444 per
807 1401 901 1438 liberum

75 1475 175 1512 iubemur
192 1474 313 1518 arbitrium,
332 1474 418 1511 facilius
437 1474 546 1517 possimus
564 1473 656 1517 implere
675 1484 715 1517 per
732 1473 829 1517 gratiam,
849 1477 901 1510 tom-

75 1569 208 1576 —ffl
720 1570 722 1573 ,
859 1569 863 1589 4

122 1635 141 1658 ⁶³
154 1631 258 1671 Landgraf,
273 1631 309 1665 Die
322 1631 465 1670 Vorbereitung
480 1631 516 1664 auf
531 1630 562 1663 die
576 1630 738 1670 Rechtiertignng
751 1630 793 1663 und
809 1630 840 1663 die
855 1631 901 1662 Ein-

76 1692 168 1730 giessung
180 1692 214 1723 der
225 1691 408 1730 heiligmachenden
422 1690 489 1724 Gnade
501 1691 522 1723 in
536 1691 570 1723 der
582 1690 752 1724 Frrihsoholastik.
766 1690 879 1724 Seholastik
892 1691 902 1723 6

79 1752 142 1790 (1931)
158 1752 222 1790 42-62;
238 1751 326 1791 222-247;
343 1751 432 1790 35428ος
447 1751 533 1784 481-504.
545 1770 570 1774 -
583 1751 611 1783 De
626 1761 641 1784 s.
656 1751 805 1784 Bonaventura:
822 1751 901 1790 Mitzka,

76 1812 110 1845 Die
126 1813 187 1844 Lehre
204 1813 237 1845 des
253 1812 281 1844 hl.
298 1812 438 1844 Bonaventnra
449 1821 488 1845 von
502 1811 536 1844 der
547 1811 690 1850 Vorbereitung
705 1812 740 1844 auf
754 1811 785 1844 die
799 1811 902 1850 beiligma-

77 1872 150 1905 ehende
165 1872 237 1905 Gnade.
251 1872 366 1905 Zeitscnritt
380 1873 415 1905 fiir
427 1872 482 1905 nath.
496 1872 603 1911 Theologie
617 1872 639 1905 50
657 1862 720 1910 (1926)
736 1872 801 1911 27-72;
816 1872 902 1905 220-252.

76 1951 100 1956 -
111 1933 168 1966 Des.
182 1932 258 1966 Thema
271 1936 290 1965 et
304 1932 417 1966 evolutione
432 1933 532 1965 doetn'nae
547 1933 589 1965 eius
604 1933 625 1964 in
639 1932 676 1965 hac
690 1932 816 1972 quaestione:
832 1933 902 1971 Lange,

77 1993 104 2024 De
116 1993 185 2032 gratia,
196 2002 225 2025 nr.
236 1993 322 2032 219-224,
334 1993 369 2025 ubi
379 1993 454 2026 citatur
465 1993 561 2026 iudicium
572 1993 629 2026 Dom.
642 1992 694 2031 Soto,
707 1992 741 2031 qui
753 1993 774 2025 in
787 2002 845 2032 opere
858 1993 903 2026 «De

78 2056 150 2086 natura
163 2056 182 2085 et
194 2053 275 2091 gratian
288 2052 322 2085 lib.
336 2053 347 2085 2
360 2063 401 2092 cap.
415 2053 425 2086 3
440 2053 478 2085 ait:
493 2053 566 2085 «Unde
577 2062 622 2085 curn
635 2052 646 2085 2
659 2052 711 2085 Sent.
724 2053 741 2085 d.
755 2053 778 2085 27
792 2056 811 2086 et
824 2053 846 2086 28
861 2053 903 2092 opi-

77 2112 158 2145 nionem
169 2122 294 2145 communem
305 2113 408 2146 insecutus
419 2114 541 2152 affirmasset,
551 2116 595 2146 tum
607 2113 660 2152 quod
669 2113 729 2146 homo
741 2123 764 2145 ex
775 2113 903 2147 naturalibus

78 2177 145 2210 posset
158 2182 179 2205 se
192 2173 295 2212 disponere
310 2173 335 2205 ad
348 2174 438 2212 gratiam,
451 2176 494 2205 tum
508 2173 561 2213 quod
575 2173 680 2211 dispositio
693 2173 731 2206 illa
743 2176 795 2206 esset
809 2174 903 2206 meritum

79 2232 102 2263 de
114 2240 205 2271 congruo,
218 2232 345 2271 postmodum
358 2234 379 2266 in
391 2233 472 2266 Summa
485 2233 565 2272 eloquia
577 2242 633 2265 sacra
645 2235 664 2265 et
675 2233 764 2272 Panum,
775 2243 820 2266 cnm
832 2234 903 2272 primis

78 2293 189 2332 Augustini,
207 2293 316 2325 sententias
334 2292 450 2325 meditatius
469 2293 580 2332 explorans,
598 2295 706 2332 utrumqne
724 2294 862 2326 retractavit».
879 2312 905 2317 —-

78 2352 104 2383 De
121 2352 188 2385 Scoto:
206 2353 272 2385 Parth.
288 2353 368 2391 iunges,
384 2352 420 2385 Die
437 2353 572 2385 Gnadenlehre
588 2353 620 2385 des
637 2352 692 2385 Duns
708 2353 780 2386 Skoius
796 2354 831 2386 ant
847 2354 903 2386 ihren

79 2413 206 2450 angobiiohen
217 2413 374 2451 pelagianismus
385 2413 426 2446 und
438 2413 646 2452 semipelagianismus
657 2414 742 2452 geprutt,
752 2414 841 2447 Miinster
851 2414 904 2447 1906.

125 2477 144 2499 64
157 2473 234 2513 rennes,
250 2473 287 2506 Die
304 2473 393 2513 Stellung
409 2473 443 2506 der
459 2473 646 2507 nominalistisohen
664 2473 734 2507 Schule
750 2484 787 2507 zur
803 2474 903 2507 aktnellen

80 2532 151 2565 Gnade.
163 2533 267 2567 Rdmisohe
279 2533 434 2573 Quartalsohrift
447 2533 469 2567 32
486 2534 549 2572 (1924)
564 2533 652 2573 157-165;
667 2535 725 2574 idem,
738 2534 774 2567 nie
786 2535 904 2568 Reohtterti-

80 2594 196 2632 gnngslehre
208 2594 241 2626 des
254 2593 333 2627 Gabriel
344 2594 387 2626 Biei
398 2594 439 2626 und
450 2594 493 2627 ihre
506 2594 595 2634 Stellnng
607 2594 712 2627 innerhalh
725 2595 759 2628 der
769 2595 904 2629 nominalisti-

81 2654 138 2685 schen
153 2654 228 2687 Schule.
242 2655 335 2694 Mtinster,
349 2654 400 2688 1925,

126 2718 144 2739 ⁶5
158 2715 210 2747 Denz
224 2714 263 2747 104.
