1952 3093
466 53 588 92 -334-

160 173 233 218 Aliqui
243 177 321 218 putant
332 185 348 211 s.
359 173 502 238 Augustinum
514 173 606 211 decursu
617 174 722 217 temporis
733 174 862 212 senteutiam
874 185 934 211 suam

108 251 202 286 mutasse
213 250 234 285 et
244 247 320 301 influe
330 247 387 285 vitae
396 247 427 285 ita
438 247 544 294 docuisse,
554 250 578 284 ut
588 258 640 285 vera
650 247 779 285 sufficientia
789 248 866 285 auxilii
877 258 935 285 mere

109 322 235 360 sufficientis
249 323 272 359 in
287 322 409 366 periculum
424 322 509 360 venerit
515 325 544 367 ³13
560 322 597 359 alii
612 322 738 359 huiusmodi
754 322 895 360 mutationem
910 323 934 359 in

109 396 210 434 doctrina
222 397 269 434 eius
282 399 367 440 negant.
380 396 405 432 In
418 397 460 434 hac
473 396 599 441 quaestione
611 396 705 434 liberum
718 397 808 435 omuino
821 399 853 434 est
865 397 935 441 inqui—

109 480 164 515 rere,
178 481 284 515 quaenam
298 470 364 508 fuerit
378 481 440 508 mens
453 482 470 508 s.
484 471 605 515 Augustini,
618 481 688 515 neque
703 471 753 508 talis
767 471 881 516 inquisitio
897 471 935 507 im-

109 544 197 589 peditur
204 525 236 583 ⁵ex
247 556 279 591 eo,
291 545 350 590 quod
362 556 378 583 s.
390 545 521 590 Augustinus
532 548 565 583 est
576 546 666 590 speciali
677 545 742 583 modo
755 545 832 586 doctor
843 545 934 590 gratiae;

110 619 149 657 sed
162 629 206 657 non
221 619 273 657 licet
286 630 335 657 carn
350 620 478 664 doctrinam,
493 630 557 665 quarn
572 621 622 664 quis
635 623 698 664 putat
711 631 734 657 se
747 620 771 657 in
787 631 804 657 s.
816 620 935 664 Augustino

109 693 226 737 invenisse,
240 697 348 739 tamquam
359 705 433 732 veram
446 678 554 741 amplecti,
567 695 586 731 si
598 706 647 732 cum
659 694 760 732 doctrina
770 694 880 732 Ecclesiae
891 704 935 731 non

44 802 47 807 .
111 768 220 811 convenit,
233 768 259 806 id
271 769 331 813 quod
343 768 477 806 Iansenistae
491 769 595 807 fecerunt.
611 769 667 806 Hinc
680 769 803 807 Alexander
817 769 865 806 VIII
880 769 937 805 dam-

112 843 172 879 navit
184 843 369 886 propositionem:
387 844 447 882 «Ubi
462 844 510 888 quis
525 844 770 888 inveneritdoctrinam
785 844 808 880 in
821 844 939 887 Augustino

113 918 170 954 clare
185 918 305 962 fundatam,
318 919 379 954 illam
394 919 490 957 absolute
505 921 576 962 potest
591 923 664 956 tenere
679 922 700 955 et
715 919 799 962 docere,
814 928 857 955 non
873 918 940 961 respi-

113 992 192 1029 ciendo
204 992 232 1030 ad
244 994 310 1030 ullam
323 993 434 1030 Pontifieis
448 994 531 1030 Bullam
540 1006 550 1029 »
559 997 586 1038 ³²3
601 998 622 1031 et
634 994 685 1033 Plus
698 993 724 1029 XI
737 993 829 1037 monuit,
840 1003 866 1029 ne
881 1006 892 1028 «
900 992 940 1028 Au-

112 1067 193 1111 gustini
206 1068 314 1112 loquentis
327 1069 444 1120 auctoritas
457 1079 569 1112 supremae
582 1069 625 1113 ipsi
636 1068 746 1106 Ecclesiae
760 1068 857 1106 docentis
869 1070 940 1104 aucto·

114 1143 173 1179 ritati
185 1144 317 1180 anteferatur
325 1156 336 1179 »
345 1147 369 1179 ³³.
380 1143 429 1186 Ipsa
442 1144 558 1181 auctoritas
571 1155 587 1180 s.
599 1143 712 1188 Augustini
723 1143 799 1180 cedere
812 1142 875 1179 dehet
886 1135 945 1178 veri?

116 1218 151 1254 tati
167 1220 187 1255 et
203 1219 327 1270 auctoritati
342 1218 452 1256 Ecclesiae
461 1222 484 1255 ³³.

112 1343 255 1351 ---——-.

114 1436 177 1474 gratia
191 1435 271 1474 actuali,
285 1437 306 1467 fn
320 1435 371 1467 thesi
385 1436 408 1468 46
424 1437 476 1475 (pag.
489 1435 531 1473 397)
545 1437 626 1468 statuit:
642 1436 751 1468 «docemus
765 1437 871 1473 utrumque
885 1434 940 1466 adiu-

114 1496 189 1529 torium
203 1505 245 1528 esse
260 1496 346 1535 gratiam
360 1497 504 1536 perseverandi,
520 1497 642 1529 adiutorium
656 1496 736 1536 quidem
751 1496 794 1528 sinc
808 1505 847 1535 quo
862 1504 902 1527 non
918 1504 941 1526 ex

115 1556 252 1589 lrabitnalibus
267 1557 324 1589 donis
337 1559 357 1588 et
369 1557 438 1594 gratiis
453 1556 564 1589 actualibus
579 1557 687 1589 coelescens
700 1555 814 1595 praebuisse
829 1555 902 1587 Adamo
918 1556 942 1587 ad

114 1616 196 1648 modurn
210 1626 280 1649 causae
295 1616 404 1648 efficientis
416 1619 534 1655 potestatem
549 1616 692 1655 perseverandi,
708 1616 829 1648 adiutorium
844 1625 887 1648 vcro
903 1624 941 1654 quo

115 1685 157 1708 esse
171 1676 280 1714 gratiarum
295 1676 366 1708 seriem
379 1676 420 1708 sive
435 1677 523 1708 divinam
535 1676 681 1715 providentiam
695 1683 741 1714 erga
754 1679 832 1708 sanctos
847 1675 942 1714 complec-

63 1749 65 1751 ·
115 1738 190 1768 tentem
206 1738 250 1768 tum
267 1736 372 1768 interiores
390 1736 463 1774 gratias
480 1739 523 1768 turn
541 1736 647 1769 exteriores
665 1739 684 1768 et
701 1736 798 1775 quidquid
815 1736 839 1768 ad
857 1735 942 1779 salutem

115 1796 257 1835 praedestinati
271 1796 348 1829 confert
363 1795 467 1836 ipsamque
481 1797 648 1835 perseverantiam
662 1796 768 1835 passivam,
784 1806 823 1836 qua
838 1796 942 1835 providen-

116 1858 144 1890 tia
158 1857 188 1889 ita
201 1857 267 1890 iustus
281 1857 361 1896 regitur,
375 1859 398 1889 ut
410 1848 490 1890 tandem
505 1860 550 1889 actu
563 1860 696 1896 perseveret».
711 1857 755 1895 Pag.
770 1857 849 1890 loa-415
864 1857 941 1895 analysi

116 1918 181 1956 operis
193 1917 221 1949 De
234 1918 357 1957 correptione
371 1904 390 1950 et
404 1918 469 1957 gratia
482 1917 600 1950 sententiam
615 1927 671 1950 suam
686 1917 762 1957 probat.
776 1918 803 1950 De
818 1927 942 1957 perseveran-

116 1979 145 2011 tia
162 1978 222 2010 finali
238 1979 299 2011 etiarn
316 1978 402 2017 explicat
419 1979 487 2017 Boyer,
503 1978 528 2010 Le
545 1979 630 2017 systeme
648 1979 671 2011 de
689 1979 742 2011 saint
759 1978 856 2018 Augustin
874 1988 910 2011 sun
923 1978 943 2010 la

116 2039 177 2078 grece,
191 2038 312 2078 paraphrase
326 2039 352 2071 du
365 2038 393 2070 De
406 2039 529 2078 correptione
543 2042 561 2071 et
574 2040 643 2077 gratia.
657 2039 776 2072 Recherches
791 2040 813 2072 de
826 2040 900 2072 science
914 2049 943 2071 re-

116 2100 199 2138 ligieusc
211 2099 233 2131 20
247 2099 311 2138 (1030)
323 2098 408 2132 481-505.
419 2119 444 2123 -
455 2099 558 2131 Auxilium
570 2109 608 2138 qno
621 2100 739 2139 simpliciter
751 2098 859 2133 identicun'r
871 2100 943 2132 habere

116 2169 161 2192 cum
177 2159 241 2198 gratia
259 2159 337 2192 efficaci
356 2161 385 2192 est
401 2159 532 2198 impossihile,
549 2168 594 2192 cum
612 2160 719 2193 secundum
733 2170 747 2192 s.
755 2160 888 2199 Augustinum
901 2168 943 2199 gra-

116 2220 157 2252 tiac
170 2219 262 2253 efficaces
276 2220 405 2252 inveniantur
419 2220 440 2252 in
454 2219 575 2258 hominihus,
590 2221 624 2260 qui
639 2224 706 2253 carent
721 2220 819 2254 adiutorio
835 2231 883 2260 quo;
898 2231 943 2260 pos-

117 2283 164 2312 sunt
176 2280 229 2311 enim
241 2290 283 2312 esse
295 2280 343 2312 iusti
355 2279 389 2319 qui
401 2282 518 2318 permanent
528 2289 563 2318 per
573 2280 655 2320 aliquod
664 2283 742 2319 tempus
755 2281 775 2313 in
788 2282 872 2320 iustitia,
885 2291 943 2320 opera

118 2349 196 2379 quoquc
208 2339 261 2373 hona
274 2340 357 2379 faciunt,
373 2340 442 2372 defnde
455 2349 500 2372 vero
514 2343 595 2378 peccant
609 2341 663 2373 etin
677 2343 756 2379 peccato
771 2342 893 2374 moriuntur:
909 2341 944 2374 ha-

117 2400 203 2432 buerunt
217 2400 290 2438 gratias
305 2400 403 2438 efficaces,
415 2409 455 2432 non
470 2399 582 2432 hahuerunt
597 2401 718 2433 adiutorium
733 2411 778 2439 quo.

166 2463 183 2485 31
197 2459 225 2492 cf.
240 2460 309 2498 Lange,
323 2470 352 2492 nr.
367 2459 401 2491 547
417 2470 442 2492 ss.
457 2463 476 2497 et
490 2462 578 2492 auctores
593 2460 621 2493 ihi
636 2461 713 2493 citatos.

164 2519 248 2552 ,ezuenz
265 2519 317 2553 1320.
348 2543 351 2550 r

196 2580 241 2613 Enc.
255 2581 302 2613 «Ad
315 2581 418 2613 salutem»
431 2581 453 2613 22
467 2581 512 2619 Apr.
526 2580 581 2620 193ος
596 2582 641 2614 AAS
655 2582 677 2614 22
694 2582 757 2621 (1030)
772 2583 812 2616 204.

166 2645 183 2666 ³4
197 2640 297 2679 Quomodo
312 2641 353 2680 ipse
367 2641 389 2673 de
403 2651 439 2674 sua
453 2641 570 2685 auctoritate
584 2641 706 2682 iudicaverit,
718 2643 762 2675 vide
776 2655 835 2683 supra
847 2653 889 2684 pag.
903 2646 942 2678 264.

118 2703 145 2735 Dc
159 2702 276 2749 auctoritate
291 2703 376 2736 doctoris
389 2703 464 2741 gratiae
477 2703 521 2736 vide
535 2703 599 2746 Lange
612 2714 641 2737 nr.
654 2704 739 2737 111-116.
791 2738 793 2742 ,
