1952 3093
473 50 581 88 -66-

117 180 162 208 esse
175 170 342 215 impossibilem
357 172 416 215 dicit,
431 172 496 209 «sine
511 183 582 211 amore
596 175 755 218 supernaturali
769 175 808 211 Dei
822 185 865 212 non
879 185 942 218 posse

118 245 237 281 creaturam
250 243 377 281 rationalem
391 245 529 282 innocentem
544 247 609 284 condi
618 259 628 283 »
638 249 662 283 ¹³³.

170 322 285 366 Postquam
299 326 357 360 tomo
373 323 391 361 2.
409 323 434 359 de
450 325 585 367 aegritudine
600 325 685 368 generis
700 325 788 362 humani
805 327 889 363 locutus
905 328 942 369 est,

116 393 158 431 iam
172 398 230 431 tomo
245 394 263 431 3.
278 395 321 438 agit
335 395 361 431 de
375 395 490 432 medicina.
507 396 559 433 Cum
572 397 663 434 liberum
679 397 792 434 arbitrium
808 398 940 442 captivatum

119 468 151 510 sit,
165 467 252 504 liberari
267 468 335 504 debet.
351 468 442 512 «Siquis
455 470 510 506 scire
524 471 581 512 velit,
596 470 648 514 quid
662 471 689 506 sit
703 471 744 507 ista
759 471 844 508 arbitrii
857 482 894 508 seu
909 482 940 508 vo-

118 540 206 577 luntatis
222 539 328 584 liberatio,
346 553 394 578 eum
411 541 466 578 scire
482 553 569 579 necesse
586 547 623 586 est,
640 543 693 587 quid
708 543 736 579 sit
752 544 844 581 servitus
862 544 907 581 eius
924 554 943 581 er

119 613 239 657 captivitas.
254 613 311 657 Quae
324 625 372 651 curn
386 614 444 651 nullo
458 619 521 658 paeto
534 616 562 652 sit
575 616 658 653 macula
671 617 755 659 peccati
768 620 803 654 aut
817 619 888 654 reatus
901 617 944 653 cul-

118 697 158 729 pae
169 689 204 723 aut
216 697 305 729 poenae,
317 687 354 724 sed
368 688 478 730 depressio
491 689 595 731 quaedam
609 688 725 725 voluntatis
738 689 777 725 sub
789 688 944 732 concupiscen-

119 760 148 796 tia
162 770 233 796 rerum
248 763 374 803 creatarum,
388 760 426 796 sub
441 771 483 803 qua
498 761 612 798 consensio
627 761 672 798 eius
686 761 715 797 ita
730 762 815 804 captiva
830 761 943 804 detinetur,

119 835 141 868 ut
156 832 182 869 ab
198 843 221 869 ea
236 843 257 869 se
273 833 379 869 extricare
394 833 438 869 suis
454 833 536 870 viribus
553 836 649 877 nequeat,
665 836 684 870 et
700 833 781 877 erigere
797 835 823 870 ad
839 834 944 870 iustitiam

121 905 262 949 diligendam3
277 905 329 942 hinc
343 908 499 949 consequenter
513 906 613 943 liberatio
627 905 742 942 voluntatis
756 917 799 942 non
816 910 846 943 est
860 907 944 949 peccati

119 977 225 1019 remissio,
238 977 276 1013 sed
289 978 393 1014 relaxatio
406 978 511 1021 quaedam
525 978 658 1015 delectabilis
671 978 733 1014 istius
747 978 827 1015 vinculi
841 979 943 1021 concupi-

120 1049 237 1092 scentialis,
247 1060 284 1086 seu
294 1050 410 1092 pestiferae
421 1050 533 1087 cuiusdam
545 1050 667 1088 dulcedinis
676 1054 829 1093 creaturarum,
840 1051 874 1087 cui
885 1050 945 1087 inne-

121 1133 160 1158 xus
175 1121 324 1158 indesinenter
338 1123 404 1159 servit
419 1122 509 1165 animus,
524 1123 594 1166 quoad
610 1133 648 1165 per
663 1122 753 1164 gratiam
770 1123 841 1159 intusa
858 1122 943 1159 caelesti

122 1193 236 1231 dulcedine
253 1196 359 1238 ruptoque
376 1194 437 1231 istius
454 1195 580 1237 cupiditatis
599 1205 660 1236 nexu.
679 1194 705 1231 ad
723 1205 815 1237 superna
835 1194 944 1236 diligenda

119 1265 262 1303 transferatur
270 1279 280 1302 »
288 1270 314 1304 2⁰.

176 1343 243 1381 Causa
256 1333 350 1381 efficiens
362 1345 426 1382 huius
439 1343 575 1381 liberationis
588 1349 619 1381 est
630 1344 704 1387 gratia.
718 1344 835 1381 Arbitrium
850 1355 889 1387 per
901 1354 946 1386 gra-

121 1417 171 1453 tiam
183 1415 272 1453 liberari
283 1416 352 1458 debet,
362 1421 385 1453 ut
395 1419 495 1458 operetur
507 1420 566 1453 actus
578 1427 621 1453 non
634 1416 702 1452 solum
714 1416 894 1459 supernaturales,
907 1417 944 1453 sed

122 1490 186 1526 etiam
200 1489 310 1526 moraliter
323 1489 391 1526 bonos
407 1490 462 1531 (cap.
476 1490 503 1530 t).
517 1489 654 1526 Naturalibus
667 1489 711 1525 suis
725 1489 808 1525 viribus
822 1488 877 1525 nihil
892 1488 947 1525 arbi-

122 1562 186 1598 trium
197 1564 268 1604 potest
278 1561 305 1598 ad
316 1562 364 1604 hoc,
377 1564 399 1598 ut
410 1561 500 1604 gratiam
513 1561 572 1597 illam
584 1561 724 1604 adipiscatur.
735 1560 832 1598 Facienti
844 1560 902 1604 quod
914 1564 945 1597 est

122 1634 143 1670 in
154 1645 176 1671 se
184 1643 224 1676 per
231 1636 320 1670 naturae
329 1633 392 1676 vires,
401 1643 444 1669 non
453 1632 516 1669 datur
524 1644 549 1669 ex
558 1633 628 1677 aliqua
638 1632 709 1669 stabili
721 1633 766 1676 lege
775 1634 844 1676 gratia
855 1633 910 1676 (cap.
919 1632 946 1673 5).

107 1705 193 1743 ,eGratia
204 1708 235 1742 est
247 1706 280 1742 vel
292 1706 414 1742 intellectus
425 1704 458 1741 vel
469 1705 594 1749 voluntatis;
607 1705 675 1748 gratia
688 1706 809 1743 intellectus
821 1706 899 1742 iterum
911 1705 945 1741 vel

124 1782 210 1815 externa
226 1779 375 1821 (praedicatio,
387 1778 507 1814 exhortatio
519 1777 566 1819 etc),
577 1778 610 1814 vel
622 1778 707 1813 interna
720 1778 824 1820 (cognitio
836 1777 947 1818 veritatis).

124 1852 217 1895 Utraque
232 1851 304 1888 vocari
320 1852 372 1887 solet
386 1852 420 1887 lex
435 1850 468 1886 vel
484 1851 581 1886 doctrina
599 1851 653 1892 [cap.
669 1849 695 1891 6),
710 1849 768 1886 Haec
782 1860 825 1887 non
840 1851 910 1893 potest
924 1849 948 1885 li-

124 1924 199 1961 berare
218 1924 337 1966 arbitrium,
356 1927 379 1960 ut
398 1923 449 1958 velit
468 1926 487 1958 et
507 1926 607 1965 operetur
627 1921 731 1957 iustitiam
755 1923 809 1964 (cap.
829 1922 855 1963 7).
876 1920 947 1958 Gratia

124 2007 174 2039 ergo
183 2007 237 2040 quae
249 1996 362 2032 arbitrium
373 1996 457 2036 liberat,
468 1998 500 2030 est
510 1995 577 2037 gratia
589 1993 711 2031 voluntatis.
722 1994 770 2030 Alia
780 1997 850 2030 autem
862 1997 892 2030 est
903 2002 948 2036 gra-

125 2070 154 2105 tia
166 2069 282 2105 voluntatis
294 2079 364 2110 sanae,
378 2072 397 2104 et
409 2067 451 2104 alia
462 2067 578 2103 voluntatis
591 2069 689 2110 aegrotae
705 2066 759 2107 (Lib.
772 2066 790 2110 2,
804 2077 850 2109 cap.
864 2066 874 2101 1
888 2068 908 2102 et
921 2064 948 2105 2).

178 2141 271 2184 Quarum
291 2140 414 2177 differentia
435 2143 523 2181 apparet
542 2150 566 2175 ex
588 2138 713 2175 discrimine
733 2138 848 2174 voluntatis
868 2135 948 2173 liberae

125 2217 144 2250 et
157 2213 272 2249 voluntatis
285 2223 357 2249 servae
373 2214 428 2254 (cap.
440 2211 466 2252 t).
480 2224 489 2246 «
499 2211 522 2246 In
536 2222 559 2247 eo
572 2211 652 2254 quippe
665 2211 705 2246 sita
718 2214 754 2252 cst,
767 2210 824 2253 quod
836 2208 894 2244 illius
906 2208 949 2251 pri-

173 2422 191 2444 19
204 2419 245 2451 Lib.
259 2420 275 2458 1,
291 2429 331 2458 cap.
347 2419 378 2458 18;
394 2418 430 2452 col.
446 2418 484 2450 761.
501 2418 601 2457 Quomodo
617 2422 682 2451 tamen
699 2418 751 2451 bona
767 2419 859 2451 voluntas
875 2419 893 2450 in
912 2429 949 2457 qun

126 2481 182 2512 condi
197 2479 253 2512 dehet
265 2483 354 2512 ereatura
368 2479 472 2513 rationalis
486 2482 537 2511 esset
549 2480 618 2517 gratia,
633 2480 713 2518 exponit
726 2489 767 2517 cap.
781 2479 809 2512 20.
824 2478 864 2511 Lib.
879 2478 895 2516 3,
909 2489 949 2517 cap.

127 2540 149 2572 22
164 2540 212 2572 dicit
224 2527 386 2579 propositionem,
400 2539 463 2573 Deum
476 2549 515 2572 non
531 2540 619 2578 potuisse
634 2548 698 2571 creare
713 2539 814 2571 hominem
830 2538 889 2572 talem
904 2549 951 2578 qua-

129 2601 153 2633 lis
166 2610 217 2633 nunc
230 2602 323 2639 nascitur,
336 2611 375 2633 non
388 2610 429 2633 esse
443 2601 556 2632 damnatam
571 2604 591 2632 ut
606 2599 683 2637 falsam,
697 2600 729 2631 sed
744 2604 764 2632 ut
780 2601 831 2638 pacis
845 2599 951 2632 inimicam.

126 2661 166 2694 Col.
176 2660 216 2695 979.

174 2725 191 2747 2⁰
205 2722 245 2754 Col.
261 2721 288 2754 10.
336 2743 337 2746 =
