1952 3093
391 73 512 111 -349-

87 191 191 230 Similiter
206 192 273 229 Matth
289 193 321 236 11,
337 203 386 229 cum
400 192 506 230 Dominus
522 193 630 236 vituperat
646 193 778 232 habitatores
795 193 859 232 Coro-

33 265 81 303 zain
94 268 114 303 11
124 264 260 308 Bethsaidae,
270 274 345 302 sensus
355 264 442 302 videtur
452 266 541 303 omnino
553 266 635 303 clarus:
648 276 697 303 cum
709 266 752 302 illis
765 266 859 309 auxiliis,

33 346 87 381 quae
100 335 137 373 isti
152 339 289 380 acceperunt,
303 336 365 379 Tyrii
380 339 400 373 11
415 336 500 374 Sidonii
513 337 671 380 poenitentiam
686 338 786 382 egissent,
801 338 819 375 si
835 349 859 375 ea

34 408 176 453 accepissent.
194 409 236 446 Sed
254 409 373 446 secundum
391 409 481 446 Alvarez
498 420 573 446 sensus
591 413 634 447 est:
654 410 715 454 Tyrii
733 413 754 447 et
773 410 858 448 Sidonii

35 482 134 521 conversi
148 485 219 520 essent
233 494 278 521 «11
292 483 334 520 alia
347 494 418 528 eausa,
431 494 495 528 quam
509 483 667 527 praesupponit
681 482 786 527 Christus,
800 483 859 521 vide-

33 555 84 592 licet
97 565 123 592 ex
135 555 217 592 auxilio
230 555 324 602 efficaci,
337 556 394 599 quod
408 555 465 592 Deus
478 558 581 593 statuerat
594 556 693 593 conferre
705 556 756 600 illis,
770 556 788 592 si
799 555 860 599 apud

35 638 70 665 eos
86 627 147 671 signa
161 614 198 665 illa
214 627 382 671 1111111111111,
397 628 488 672 quaein
504 627 608 666 Corozain
623 632 644 665 et
658 627 775 665 Bethsaida
787 628 860 665 Domi·

35 710 75 737 nus
89 702 192 743 operatus
208 702 292 737 111118.
309 699 374 737 Recte
390 699 417 737 ad
434 700 499 737 talem
516 701 622 744 exegesim
638 700 717 737 Pesch:
738 699 812 744 «Ergo
830 700 859 736 viss

35 774 162 815 tuperantnr
180 772 307 816 corozaitae,
323 772 384 816 'quod
403 772 503 810 conversi
519 782 563 809 111
583 776 632 809 1111
649 783 688 816 per
706 773 755 810 illas
773 772 860 816 gratias.

35 855 84 881 cum
99 843 178 889 quihus
194 844 246 882 solis
263 844 367 881 actualem
383 845 547 882 conversionem
565 845 667 892 componi
683 848 794 888 repugnat,
812 855 860 882 cum

35 916 96 960 Tyrii
113 919 134 954 et
150 915 235 953 Sidonii
251 916 351 953 conversi
368 919 438 953 essent
455 927 504 953 cum
520 916 562 954 alia
578 917 653 961 gratia,
669 928 718 954 cum
733 927 775 960 qua
792 926 838 954 non
854 938 860 942 -

35 987 148 1026 conversio
166 991 214 1025 actu
232 988 335 1032 componi
350 998 394 1025 111
410 991 487 1032 potest.
503 1011 531 1016 -
545 988 592 1025 Hoc
608 989 714 1025 Alvaresii
732 998 860 1031 responsum

35 1059 138 1098 sufficere
153 1060 239 1097 videtur
252 1060 279 1097 ad
295 1060 451 1098 ostendendum
469 1061 590 1098 doctrinam
605 1060 772 1098 hanesianorum
787 1071 860 1098 veram

36 1143 81 1170 esse
96 1136 140 1170 111
153 1143 235 1175 posse»
244 1135 269 1169 ⁶⁰.

88 1204 149 1242 idem
166 1205 192 1242 de
207 1204 274 1242 Matth
289 1204 321 1248 23,
336 1205 368 1250 37,
382 1205 420 1242 uhi
435 1204 540 1242 Dominus
556 1204 609 1242 dicit
625 1216 647 1242 se
663 1205 751 1249 quidem
766 1204 861 1241 voluisse

37 1285 166 1320 congregare
181 1276 240 1314 filios
256 1276 378 1321 Ierusalem,
393 1276 510 1313 Ierusalem
526 1279 596 1313 autem
612 1276 714 1313 noluisse.
730 1276 755 1313 In
769 1275 812 1313 hoc
828 1286 861 1319 sy·

36 1351 124 1386 stemate
141 1359 216 1385 sensus
231 1352 297 1385 esset:
316 1348 427 1392 Dominus,
443 1349 494 1393 quia
509 1349 578 1386 voluit
594 1357 724 1392 congregare
740 1359 784 1392 111,
802 1348 861 1385 dedit

36 1420 80 1457 illis
95 1420 186 1464 gratiam
200 1420 347 1458 sufficientem
362 1423 383 1458 et
396 1420 460 1457 simul
475 1420 731 1464 praedeterminationem
747 1419 860 1464 physicam

37 1492 64 1529 ad
79 1495 150 1529 actum
164 1492 299 1529 resistentiae
314 1496 390 1530 contra
402 1492 459 1529 hanc
474 1491 571 1536 gratiam.
586 1491 609 1529 Si
622 1492 653 1529 ita
668 1494 729 1535 esset,
744 1491 817 1535 potius
831 1491 861 1529 di-

37 1564 130 1601 cendum
149 1567 204 1602 esset
222 1564 339 1602 Dominum
358 1563 453 1602 noluisse
471 1573 601 1608 congregare
620 1563 679 1600 filios
698 1563 822 1602 Ierusalem.
840 1563 861 1601 Si

37 1636 95 1673 enim
113 1636 173 1674 adest
190 1636 395 1680 praedeterminatio
412 1636 504 1681 physica
521 1636 548 1673 ad
566 1638 636 1673 actum
653 1647 695 1679 quo
712 1635 794 1679 gratiae
810 1636 862 1672 resi-

38 1708 107 1751 stitur,
124 1708 260 1752 impossibile
278 1711 310 1745 est
326 1708 438 1745 hominem
455 1715 499 1745 non
517 1708 618 1745 resistere
635 1711 656 1745 et
672 1693 773 1752 peccaress
793 1718 862 1752 neque

37 1780 59 1816 in
72 1782 178 1823 potestate
189 1780 285 1817 hominis
298 1782 337 1824 est,
349 1779 406 1817 hanc
418 1781 452 1817 vel
464 1779 524 1817 illam
538 1779 794 1823 praedeterminationem
808 1779 862 1824 phy-

38 1852 105 1889 sicam
116 1852 223 1896 accipere.

91 1923 132 1967 Se'd
152 1929 175 1966 in
194 1932 254 1967 textu
274 1940 339 1973 supra
358 1929 425 1966 relato
445 1929 536 1966 Billuart
556 1928 610 1966 dicit
629 1929 759 1965 «hominem
779 1927 862 1972 privari

37 2001 106 2044 gratia
120 2001 214 2045 efficaci,
228 2001 279 2045 quia
293 2000 405 2044 peccando
420 2000 541 2038 sufficienti
556 2000 637 2037 resistit
645 2011 666 2044 »;
681 2009 731 2043 ergo
747 2000 809 2043 culpa
825 2000 862 2037 ho-

39 2073 103 2110 minis
119 2076 157 2116 est,
173 2073 191 2110 si
206 2072 329 2110 nonhabet
344 2073 434 2116 gratiam
449 2067 569 2109 efficacem.
585 2072 641 2115 Ergo
655 2072 742 2109 videtur
757 2073 825 2116 sequi,
840 2075 863 2129 ut

38 2144 94 2182 Deus
111 2148 220 2188 exspectet
237 2145 369 2182 decisionem
385 2144 449 2181 liberi
465 2144 550 2182 arbitrii
566 2147 586 2182 et
602 2144 629 2181 ab
645 2143 691 2182 eius
708 2154 815 2181 consensu
829 2144 863 2181 vel

39 2216 138 2254 dissensu
152 2217 309 2260 dependentem
322 2216 399 2254 reddat
412 2216 549 2253 collationem
562 2217 596 2253 vel
608 2226 651 2253 non
666 2215 803 2253 collationem
817 2225 863 2260 gra-

39 2289 80 2325 tiae
93 2288 219 2326 efficacis‘f‘?
232 2288 345 2326 Praeterea
357 2298 475 2325 consensus
490 2291 510 2325 et
521 2287 644 2325 resistentia
656 2287 753 2331 pendent
767 2299 779 2325 a
793 2298 863 2325 corre-

39 2360 159 2404 spondente
175 2360 409 2404 praedeterminatione
426 2359 523 2404 physica,
542 2359 603 2396 cuius
621 2359 708 2397 collatio
727 2371 739 2397 a
756 2360 801 2397 solo
818 2360 863 2397 Deo

41 2432 154 2476 dependet.
169 2431 195 2470 Et
210 2433 229 2469 si
244 2432 285 2469 hoc
301 2434 449 2476 argumentum
463 2430 553 2468 ulterius
567 2434 661 2475 urgetur,
677 2431 787 2476 refugiunt
801 2442 813 2470 a
830 2432 864 2470 de·

39 2503 97 2542 fectu
112 2504 189 2544 morali
205 2504 284 2542 actuali
299 2504 453 2547 111111111111
469 2503 653 2547 11111111111111
669 2506 741 2541 tamen
755 2504 778 2540 11
794 2503 863 2547 bapti·

87 2672 205 2712 1811111111,
219 2672 247 2705 De
262 2671 343 2706 auxiliis
358 2671 436 2705 divinae
450 2671 531 2710 gratiae,
545 2671 595 2710 disp.
610 2670 632 2704 72
646 2680 676 2705 11.
690 2672 706 2705 5.
729 2647 731 2650 v

89 2735 107 2758 ⁸⁹
120 2731 216 2773 13111115,
229 2731 270 2766 235.
