1952 3093
431 277 584 314 obtectiones

144 402 161 439 1)
173 402 325 441 Semipelagiani
335 387 364 434 ad¹
371 402 437 434 varios
448 405 514 434 textus
525 411 540 433 s.
552 401 663 440 Scripturae
674 400 817 439 provocabant:
831 400 881 433 Prov
892 401 921 439 16,

96 464 104 493 1
112 472 116 494 :
128 473 138 494 a
146 462 237 494 Hominis
247 463 277 494 est
286 458 375 494 'animam
384 470 501 501 praeparare
509 471 525 494 a.
536 461 564 500 16,
575 461 596 494 9:
607 460 662 493 <Cor
671 460 759 493 hominis
769 460 858 499 disponit
867 459 921 493 viam

97 531 177 555 anama.
188 540 213 545 —-
222 522 274 554 Zach
287 523 303 561 1,
315 522 336 555 3:
351 521 511 555 «Convenimrni
525 521 599 560 adme,
612 520 641 554 ait
652 520 749 554 Dominus
762 520 889 559 exercituum,
902 524 921 553 et

97 584 200 615 convertar
213 582 238 614 ad
249 591 308 615 vos».
319 600 344 605 -
357 581 420 615 Matth
434 581 449 620 7,
464 582 484 614 7:
499 581 580 614 «Petite
594 583 613 613 et
627 580 707 614 dabitur
720 580 786 619 vobis3
800 580 889 620 quaerite
903 584 922 613 et

97 642 211 680 invenietis;
229 643 308 681 pulsate
326 644 344 674 et
362 642 461 680 aperietur
476 641 556 674 vobis».
572 660 597 664 -
613 642 648 674 Aet
664 641 692 680 Ap
710 640 739 679 16,
755 640 787 674 31;
807 640 884 673 «Crede
900 641 921 673 in

97 702 205 735 Dominum
216 702 282 735 lesum
294 705 314 735 et
325 702 392 735 salvus
405 702 444 734 eris
456 705 479 734 tu
492 704 511 734 et
523 701 593 734 domus
606 705 700 735 616».-
712 700 762 734 Rom
774 701 790 740 7,
802 699 835 734 13:
850 700 922 734 «Velle

97 763 173 795 adiacet
184 762 241 801 mihi,
254 763 344 801 perticere
358 764 423 795 autem
436 761 511 794 bonum
523 771 563 794 non
577 763 681 795 invenio».

144 822 201 861 Resp.
214 823 271 855 Cone.
281 822 327 854 trid.
338 832 384 855 sess.
398 822 408 855 6
418 831 459 861 cap.
472 822 492 855 5:
505 820 578 854 «Unde
591 821 612 854 in
624 821 685 854 sacris
697 820 770 854 litteris
781 830 826 854 cum
837 820 919 854 dicitur:

96 883 238 916 Convertimini
253 883 277 914 ad
291 892 323 914 me
336 885 355 914 et
368 890 402 921 ego
414 884 517 915 convertar
532 882 556 914 ad
569 891 610 921 vos,
623 882 722 914 libertatis
735 884 815 914 nostrae
828 882 920 914 admone-

96 952 149 981 mnr;
164 952 208 974 curn
221 944 372 981 respondemus:
387 943 482 975 Converte
493 951 529 975 nos
542 942 626 975 Domine
638 942 663 974 ad
675 944 700 981 te,
713 944 732 974 et
744 943 921 981 convertemurue,

97 1003 132 1036 Dei
145 1012 182 1036 nos
197 1003 261 1042 gratia
274 1002 384 1041 praeveniri
398 1002 537 1035 confitemur».
552 1001 602 1035 Hinc
616 1001 672 1035 dist:
688 1001 711 1035 In
725 1002 878 1041 praeparatione
892 1011 921 1035 re-

98 1064 185 1103 quiritur
200 1063 264 1096 libera
278 1063 390 1101 cooperatio
406 1062 500 1102 hominis,
516 1071 578 1100 conc.;
595 1062 643 1094 haec
659 1064 689 1094 est
705 1065 724 1094 et
738 1064 803 1101 potest
821 1071 862 1094 esse
879 1061 921 1094 sine

100 1123 175 1156 auxilio
190 1123 271 1163 gratiae,
283 1130 339 1161 nego.

144 1183 175 1215 'Ad
185 1183 276 1221 exempla
286 1184 352 1215 autem
364 1192 416 1222 quae
426 1182 512 1214 afferrmt
524 1182 547 1214 de
559 1181 653 1222 Zachaeo,
664 1182 687 1214 de
698 1182 751 1215 bono
763 1182 840 1215 latrone
852 1184 887 1215 etc.
895 1184 922 1208 1²³1

98 1252 142 1275 cum
153 1242 237 1275 concilio
249 1242 366 1275 arausicano
377 1242 481 1274 dicendum
493 1246 532 1275 est:
546 1241 619 1274 «Unde
629 1241 793 1275 manifestissime
805 1242 922 1274 credendum

99 1305 133 1341 est,
145 1304 197 1341 quod
208 1305 227 1334 et
238 1303 294 1334 illius
307 1303 397 1342 latronis,
409 1311 467 1341 quem
477 1302 574 1334 Dominus
586 1302 611 1334 ad
620 1302 708 1341 paradisi
720 1302 807 1341 patriam
818 1304 923 1341 revocavit,

99 1368 117 1395 et
130 1363 216 1395 Cornelii
230 1362 358 1401 centurionis,
371 1363 397 1395 ad
408 1372 467 1401 quem
481 1361 562 1401 angelus
574 1362 654 1394 Domini
665 1362 739 1395 missus
753 1365 788 1402 est,
801 1365 821 1395 et
834 1362 923 1401 Zachaei,

99 1424 133 1462 qui
149 1423 215 1461 ipsum
231 1423 339 1455 Dominum
356 1422 454 1461 suscipere
472 1422 550 1461 meruit,
567 1422 605 1454 illa
620 1425 662 1455 tam
678 1421 803 1455 admirabilis
820 1422 867 1454 fides
883 1432 923 1454 non

100 1484 139 1515 fuit
155 1483 178 1515 de
191 1485 269 1521 natura,
285 1483 319 1514 sed
335 1482 414 1515 divinae
429 1482 528 1520 largitatis
545 1483 642 1514 donum».

148 1542 166 1580 2)
180 1543 207 1575 De
222 1542 320 1580 Patribus,
335 1543 370 1581 qui
384 1545 429 1574 ante
443 1546 532 1574 exortam
545 1542 642 1574 haeresim
657 1542 782 1580 pelagianam
797 1542 924 1581 scripserunt,

100 1604 140 1635 iam
150 1612 210 1641 supra
220 1603 294 1634 dictum
305 1605 339 1634 est.
350 1602 387 1634 Eos
397 1612 437 1634 non
448 1602 510 1635 fuisse
520 1602 635 1641 pelagianos
643 1602 675 1634 vel
684 1602 848 1641 semipelagianos
859 1604 924 1635 osten—

102 1663 131 1694 dit
143 1662 241 1701 Petamus,
255 1662 282 1694 De
295 1662 340 1701 Deo,
354 1661 388 1694 lib.
402 1662 418 1700 9,
431 1672 472 1700 cap.
485 1662 497 1694 4
510 1671 524 1694 s.
537 1661 595 1695 Recte
607 1661 668 1695 etiam
680 1662 701 1694 in
714 1662 751 1694 hac
764 1662 848 1695 materia
861 1662 924 1701 appli-

100 1725 156 1755 catur
171 1723 223 1761 quod
238 1722 260 1754 de
275 1732 289 1754 s.
306 1722 446 1760 Chrysostomo
462 1721 482 1753 in
499 1722 615 1760 quaestione
631 1722 654 1754 de
668 1724 747 1760 peccato
764 1722 857 1760 originali
873 1723 923 1754 dixit

101 1793 115 1815 s.
127 1783 258 1820 Augustinus:
273 1792 282 1812 «
290 1782 320 1820 At,
333 1782 417 1821 inquies,
429 1791 463 1813 cur
474 1791 513 1814 non
524 1782 567 1819 ipse
579 1781 655 1814 addidit
668 1782 771 1821 ’propria’
784 1781 869 1819 (scilicet
880 1792 923 1822 pec-

101 1843 165 1879 catal?
182 1843 225 1880 Cur,
241 1844 341 1879 putamus,
357 1841 397 1874 nisi
414 1842 461 1880 quia
478 1842 581 1879 disputans
598 1841 619 1873 in
635 1841 734 1874 catholica
750 1842 832 1875 ecclesia
847 1852 887 1875 non
904 1852 924 1875 se

102 1903 160 1934 aliter
179 1902 264 1939 intelligi
283 1901 423 1940 arbitrabatur,
441 1901 477 1933 tali
497 1901 612 1939 quaestione
631 1901 708 1934 nullius
726 1901 849 1941 pulsabatur,
868 1903 925 1935 vobis

101 1962 190 1994 nondum
206 1962 332 2000 litigantibus
347 1961 434 1994 securius
450 1961 626 2000 loquebaturaffl.

100 2169 175 2204 Tnfisls
194 2170 214 2204 δι
242 2169 269 2202 iii
287 2173 346 2201 actus
364 2170 392 2201 ad
410 2168 579 2201 tristificationem
599 2170 733 2208 disponentes
752 2171 802 2201 sunt
820 2169 927 2202 entitaiive

148 2230 325 2269 supernaturales,

155 2346 207 2383 Cum
224 2347 341 2382 secundum
357 2346 435 2382 thesim
451 2346 616 2388 praecedentem
631 2346 658 2382 ad
675 2356 748 2382 omnes
765 2349 831 2388 actus,
847 2345 925 2389 quibus

103 2421 205 2461 peccator
218 2417 245 2454 ad
256 2417 430 2454 iustificationern
443 2420 590 2461 praeparatur,
604 2418 689 2454 interna
701 2418 769 2460 gratia
782 2417 878 2454 absolute
891 2428 925 2454 ne-

151 2567 178 2592 2⁴1⁶
191 2562 231 2595 Thr
242 2563 258 2601 5,
269 2559 297 2595 21.

150 2627 177 2647 117
191 2623 303 2661 Cassianus,
316 2623 364 2655 Coll.
379 2623 406 2660 13,
420 2632 460 2661 cap.
475 2623 506 2660 11;
521 2632 580 2661 supra
593 2630 635 2661 pag.
649 2623 670 2655 19
685 2633 699 2655 s.

152 2686 178 2708 ³³ss
192 2683 263 2715 Contra
278 2682 383 2721 Iulianum,
396 2683 411 2720 L
425 2683 441 2721 6,
454 2682 485 2720 22;
500 2682 533 2714 ML
546 2682 574 2721 44,
587 2683 630 2720 654;
644 2682 660 2715 R
674 2682 725 2715 1223.
