1952 3093
118 118 190 155 statim
203 130 214 155 a
227 118 337 161 principio
349 129 455 163 quaenam
468 117 512 154 sint
525 116 648 161 evangelia‘.l
661 116 743 160 Quodsi
757 116 782 153 de
795 115 837 152 tuis
852 114 943 158 dubitas,

119 190 194 235 abiis,
209 202 263 235 quae
280 190 307 228 ad
324 191 395 234 ipsum
412 192 516 234 spectant,
533 190 587 227 haec
603 192 626 226 ut
643 189 719 226 credas
736 186 854 225 inducaris.
872 187 944 230 Longe

119 264 177 301 cnim
197 263 306 301 difficilius
327 267 364 307 est,
383 266 486 308 quantum
507 263 534 300 ad
552 263 670 299 humanum
691 261 824 298 intellectum
843 258 944 303 pertinet,

118 337 187 374 Deum
201 336 312 374 hominem
328 335 381 379 fieri,
397 347 461 379 quam
477 336 587 373 hominem
602 335 641 371 Dei
656 333 724 371 filium
741 344 793 370 esse.
811 331 863 369 Cum
879 331 945 375 igitur

117 408 179 446 audis
191 407 271 445 Filium
284 408 324 444 Dei
337 407 405 445 filium
419 419 465 445 esse
478 407 568 444 Davidis
584 410 604 444 et
617 405 722 449 Abrahae,
737 405 836 443 dubitare
849 404 892 441 iam
908 403 943 440 de—

118 480 164 518 sine
179 483 206 524 te,
220 479 289 517 filium
303 480 368 523 Adae,
384 480 452 517 filium
465 480 505 517 Dei
521 480 616 517 futurum
631 490 684 516 esse.
699 478 772 522 Neque
789 476 846 514 enim
862 476 942 513 frustra

118 556 138 590 et
153 553 262 590 incassum
281 564 302 589 se
320 553 392 597 ipsum
408 553 439 589 ita
456 551 597 594 humiliasset,
614 551 656 587 nisi
674 561 713 588 nos
732 550 862 587 exaltaturus
881 550 942 585 esset.

118 625 185 662 Natus
200 627 231 662 est
244 625 302 662 enim
317 625 436 662 secundum
451 635 544 667 carnem,
557 626 582 661 ut
595 627 618 661 tu
632 623 753 660 nascereris
769 620 887 659 secuudum
901 620 944 664 spi-

120 697 195 743 ritum;
208 700 270 735 natus
282 701 315 734 est
328 709 353 734 ex
366 697 462 741 muliere,
474 701 498 734 ut
509 699 532 734 tu
545 696 655 734 desineres
668 706 713 734 esse
725 694 782 732 filius
794 693 892 731 mulieris
900 705 911 729 »
919 696 944 729 ³5.

121 769 141 807 S.
153 768 295 807 Ambrosius:
311 769 439 814 «Numquid
453 769 485 806 sic
498 769 560 812 diligi
573 771 664 812 possunt
677 778 688 804 a
701 767 746 804 Deo
760 765 860 803 homines
873 776 945 810 quem-

122 841 239 880 admodum
252 841 326 885 Filius,
342 842 365 878 in
380 852 421 886 quo
437 841 569 884 complacuit
582 839 658 877 Pater?
672 839 711 877 Ille
726 849 766 882 per
781 849 803 875 se
819 837 945 881 complacet,

121 924 160 951 nos
176 925 216 957 per
232 913 313 958 ipsum;
330 913 353 950 in
371 913 448 958 quibus
465 913 522 949 enim
538 912 595 950 Deus
612 911 691 948 Filium
708 922 770 948 suum
787 910 814 947 ad
830 909 946 953 imaginem

121 997 181 1023 suam
192 986 268 1029 cernit,
280 997 316 1023 eos
328 997 368 1030 per
378 985 457 1023 Filium
470 985 573 1022 adsciscit
584 985 607 1021 in
619 984 710 1028 gratiam
721 983 822 1027 filiorum,
833 985 863 1025 ut,
873 976 945 1026 quem-

122 1058 238 1096 admodum
255 1069 295 1102 per
310 1058 427 1102 imaginem
445 1057 472 1094 ad
488 1057 605 1100 imaginem
623 1067 702 1099 sumus,
721 1055 753 1092 sic
770 1065 809 1099 per
827 1053 945 1098 generatio·

121 1141 170 1167 nem
184 1130 235 1167 Filii
247 1131 270 1167 in
284 1131 425 1174 adoptionem
439 1140 548 1167 vocemur.
561 1129 621 1165 Alius
636 1128 702 1171 igitur
716 1130 805 1164 naturae
819 1137 879 1163 amor
893 1137 946 1163 sem-

123 1203 227 1247 piternus,
242 1203 296 1240 alius
311 1203 392 1247 gratiae
401 1214 411 1238 >>
419 1206 445 1239 33.

174 1275 193 1312 S.
207 1275 360 1313 Aucusrurus:
377 1276 455 1313 «Haec
467 1280 499 1314 est
512 1278 581 1320 gratia
594 1277 645 1314 novi
659 1278 788 1321 testamenti,
802 1278 861 1322 quod
874 1278 897 1314 111
912 1288 946 1315 ve·

124 1351 168 1385 tere
180 1348 248 1391 latuit,
261 1359 300 1385 nec
311 1352 382 1386 tamen
395 1349 468 1391 figuris
481 1350 660 1388 obumbrantibus
672 1351 799 1394 prophetari
812 1351 949 1394 praenuntia-

125 1420 186 1464 rique
201 1421 300 1463 cessavit,
316 1425 339 1458 111
354 1422 460 1465 intelligat
477 1423 548 1458 anima
563 1423 631 1459 Deum
649 1434 716 1464 suum,
734 1427 753 1460 et
770 1423 839 1466 gratia
856 1423 901 1459 eius
919 1434 950 1460 re-

124 1494 225 1529 nascatur
244 1493 283 1528 illi.
303 1493 360 1529 Haec
379 1494 459 1537 quippe
479 1494 580 1530 nativitas
601 1494 705 1537 spiritalis
726 1498 763 1537 est,
782 1494 838 1537 ideo,
858 1505 901 1532 non
922 1506 947 1531 ex

126 1564 273 1608 sanguinibus,
285 1576 329 1602 non
342 1577 367 1602 ex
378 1566 487 1602 voluntate
500 1565 548 1609 viri,
562 1567 599 1603 sed
612 1578 637 1603 ex
649 1566 700 1604 Deo.
714 1566 771 1603 Haec
785 1567 849 1604 ctiam
862 1566 949 1610 adoptio

125 1640 221 1674 vocatur.
233 1636 323 1674 Eramus
339 1638 397 1674 enirn
410 1638 493 1681 aliquid
507 1642 620 1682 antequam
635 1649 728 1675 essemus
743 1638 782 1675 filii
796 1639 842 1682 Dei,
858 1642 878 1675 et
892 1650 950 1676 acce-

125 1709 197 1751 pimus
208 1709 344 1752 beneficium,
357 1713 380 1747 ut
389 1710 495 1754 fieremus,
507 1710 565 1754 quod
578 1721 621 1748 nou
635 1721 729 1748 eramus:
745 1711 801 1747 sicut
813 1710 850 1754 qui
864 1710 951 1754 adopta-

127 1784 166 1824 tur,
182 1784 296 1825 antequam
311 1781 456 1825 adoptaretur,
472 1782 569 1819 nondum
583 1781 698 1819 eratfilius
713 1782 765 1826 eius
780 1793 791 1819 a
806 1793 848 1827 quo
864 1782 951 1827 adopta-

124 1856 164 1897 tur,
178 1853 221 1891 iam
233 1856 304 1891 tamen
318 1856 364 1891 erat
375 1853 412 1898 qui
425 1854 570 1897 adoptaretur.
584 1853 610 1891 Et
623 1854 649 1891 ab
662 1854 704 1891 hac
716 1854 854 1898 generatione
868 1854 948 1898 gratiae

127 1924 258 1963 discernitur
268 1925 305 1962 ille
315 1924 390 1970 Filius,
402 1925 445 1970 qui,
457 1937 506 1963 cum
518 1930 573 1963 esset
583 1925 651 1963 Filius
661 1926 708 1971 Dei,
719 1926 779 1964 venit
788 1929 812 1963 ut
822 1926 883 1964 fieret
892 1926 949 1964 filius

126 1998 229 2035 hominis.
244 1998 376 2042 donaretque
390 1998 460 2041 nobis,
474 1998 511 2042 qui
526 2009 610 2035 eramus
624 1998 663 2035 filii
678 1998 780 2042 hominis,
794 1998 850 2036 filios
863 1998 903 2035 Dei
917 1998 952 2035 fic-

126 2069 145 2105 ri
154 2074 197 2106 1135.
213 2070 315 2107 «Unicus
329 2073 406 2107 natura
421 2070 460 2106 Dei
474 2069 542 2106 Filius
556 2073 646 2113 propter
660 2081 699 2107 nos
715 2064 866 2108 misericordia
880 2070 949 2107 factus

125 2144 158 2178 est
166 2141 262 2179 bominis
273 2141 336 2184 filius,
346 2144 371 2178 ut
380 2152 426 2184 nos,
436 2144 512 2178 natura
522 2141 561 2178 filii
571 2141 673 2186 hominis,
683 2141 722 2179 filii
732 2142 772 2179 Dei
782 2153 822 2185 per
832 2142 893 2179 illum
904 2152 949 2186 gra-

126 2214 156 2250 tia
168 2213 307 2250 fieremus...
323 2213 383 2252 Sicut
396 2214 456 2252 enim
470 2224 588 2257 perunum
604 2214 714 2251 hominem
730 2217 857 2257 peccantem
869 2215 893 2251 111
907 2215 949 2252 hoc

127 2289 169 2323 tam
184 2296 248 2330 grave
263 2286 343 2323 malum
359 2286 494 2331 devenimus;
511 2287 541 2323 ita
555 2297 675 2330 perunum
690 2287 800 2324 hominem
814 2287 949 2332 eundemque

126 2358 193 2395 Deum
205 2358 356 2396 iustificantem
367 2360 394 2396 ad
403 2359 458 2396 illud
468 2359 549 2396 bonurn
560 2363 603 2396 tam
614 2359 705 2397 sublime
716 2360 828 2397 veniemus
836 2372 846 2395 »
854 2363 880 2397 33.
890 2359 950 2396 «Ma-

177 2509 194 2531 35
208 2506 229 2537 111
243 2504 312 2538 Matth.
325 2505 377 2537 hom.
391 2506 406 2543 2,
420 2506 439 2543 2;
455 2503 489 2538 MG
504 2505 531 2543 57,
547 2505 577 2542 25;
593 2506 608 2537 R
623 2505 674 2537 1171.

178 2569 195 2591 ³6
208 2566 235 2598 De
246 2566 289 2605 fide,
302 2566 326 2598 ad
338 2565 461 2605 Gratianum,
474 2566 490 2604 5,
503 2565 518 2603 7,
531 2564 562 2603 90;
575 2565 608 2597 blL
621 2566 649 2603 16,
661 2565 703 2603 666;
717 2565 733 2597 R
745 2564 795 2597 1273.

178 2626 242 2666 31Ε11.
258 2626 298 2666 140,
312 2626 328 2666 3,
344 2627 354 2659 9
370 2636 394 2664 s.;
410 2625 486 2665 111133,
500 2625 543 2663 541ς
559 2625 575 2658 R
590 2625 641 2658 1433.

179 2691 195 2713 ³8
208 2688 236 2719 De
248 2687 287 2720 Civ.
300 2687 335 2719 Dei
347 2686 375 2725 21,
389 2687 420 2725 15;
434 2687 467 2719 ML
480 2686 508 2725 41,
523 2686 565 2725 729;
580 2686 596 2719 R
610 2685 661 2718 1777.
