1952 3093
448 11 570 51 -378—

91 129 202 174 dacorum
219 130 355 173 praedixisse
370 134 449 178 tamen,
465 143 508 170 non
523 132 620 170 fecisse...
637 132 678 170 Sed
693 136 714 171 et
728 144 783 178 quac
799 138 917 178 sequuntur

89 201 200 246 Evangelii
213 203 279 240 verba
291 205 340 246 plus
353 207 436 247 urgent,
449 208 469 242 et
480 204 645 250 profundiorem
660 204 744 242 faciunt
755 207 914 249 quaestionem:

90 273 189 318 adiungit
204 274 268 317 enim,
282 278 303 312 et
318 275 383 313 dicit:
400 276 517 320 Propterea
532 287 575 314 non
591 279 691 320 poterant
707 277 802 320 credere,
816 277 866 323 quia
880 279 917 315 ite·

91 356 138 383 rum
151 346 206 384 dixit
217 346 296 385 isaias:
310 346 441 386 Excaecavit
453 349 527 387 oculos
538 359 618 393 eorum,
632 352 651 385 et
664 350 775 387 induravit
787 361 826 387 cor
837 361 917 392 eorum,

91 422 113 456 ut
128 429 172 456 non
187 419 275 456 videant
290 420 366 465 oculis,
381 424 402 458 et
416 422 539 466 intelligant
554 422 626 467 corde,
640 425 661 459 et
675 424 835 467 convertantur,
851 425 872 460 et
887 434 918 460 sa·

92 502 139 550 nem
159 492 215 530 illos.
233 493 318 531 Dicitur
337 494 396 530 enim
413 494 487 532 nobis:
508 494 530 533 Si
548 504 592 532 non
611 497 728 538 potuerunt
746 495 842 540 credere,
860 495 918 540 quod

92 568 204 608 peccatum
217 568 248 602 est
260 566 358 603 hominis
370 577 414 613 non
428 567 530 604 facientis
542 567 601 611 quod
614 577 657 604 non
671 570 742 611 potest
754 567 840 606 facere?
852 568 870 604 si
884 579 919 606 au-

92 641 134 674 tem
149 648 192 674 non
207 638 317 676 credendo
331 642 484 683 peccaverunt,
497 641 613 682 potuerunt
628 649 678 683 ergo
693 639 782 678 credere
797 643 817 677 et
832 650 876 677 non
890 639 919 677 fe·

93 713 188 747 cerunt...
207 710 310 754 Audistis,
328 710 413 755 fratres,
432 712 566 755 propositam
585 711 739 756 quaestionem,
758 722 842 756 nempe.
855 722 918 756 quam
970 750 972 758 ,

93 781 202 824 profunda
219 782 246 818 sit
262 782 363 819 cernitis:
384 784 422 821 sed
439 783 601 827 responderim,
618 787 642 820 ut
659 794 780 826 possumus.
795 782 844 821 Non
861 786 920 827 pote·

94 856 142 890 rant
155 854 250 900 credere.
265 854 315 897 quia
330 853 373 891 hoc
387 854 454 892 isaias
468 854 575 899 propheta
589 854 710 897 praedixit:
725 855 772 892 Hoc
787 857 857 892 autem
870 855 920 892 Pro-

93 924 158 967 pheta
172 925 288 968 praedixit,
302 926 353 970 quia
367 913 427 963 Deus
438 926 479 963 hoc
494 926 588 963 futurum
603 937 649 964 esse
663 926 787 970 praescivit.
803 927 872 970 Quare
886 937 920 964 au·

95 1000 136 1035 lem
153 1008 196 1035 non
214 1001 321 1042 poterant,
338 999 356 1035 st
374 1009 385 1035 a
400 1010 433 1036 me
449 1001 570 1043 quaeratur,
585 999 629 1037 cito
646 998 778 1043 respondeo:
796 999 847 1043 quia
863 998 920 1037 nole-

94 1070 153 1108 bant.
166 1069 244 1108 Malam
258 1070 340 1116 quippe
355 1082 428 1109 eorum
441 1072 573 1109 voluntatem
586 1071 696 1115 praevidit
708 1071 772 1115 Deus,
786 1074 807 1109 et
820 1082 860 1116 per
871 1071 922 1108 Pro-

96 1142 182 1185 phetam
201 1144 364 1187 praenuntiavit
381 1144 417 1181 ille
436 1144 472 1181 cui
489 1143 595 1182 abscondi
613 1144 686 1181 futura
703 1154 748 1181 non
764 1146 862 1187 possunt.
880 1143 922 1182 Sed

96 1215 159 1252 aliam
173 1226 266 1259 causam,
280 1215 360 1261 inquis,
374 1216 428 1253 dicit
441 1216 555 1259 Propheta,
570 1226 614 1252 non
628 1215 745 1253 voluntatis
760 1227 841 1254 eorum.
854 1215 921 1259 Quam

96 1298 182 1325 causam
196 1287 250 1325 dicit
262 1287 384 1331 Propheta?
397 1287 451 1331 Quia
463 1287 522 1325 dedit
534 1287 578 1325 illis
590 1287 647 1324 Deus
660 1287 767 1331 spirirum,
775 1287 923 1331 compunctio-

97 1359 140 1404 nis3
154 1360 235 1402 oculos
246 1362 270 1396 ut
283 1369 326 1396 non
341 1360 435 1403 videant,
449 1362 469 1396 et
482 1370 551 1403 aures
563 1362 587 1396 ut
600 1369 643 1396 non
656 1358 752 1403 audiant,
766 1362 787 1396 et
799 1359 923 1397 excaecavit

96 1432 170 1469 oculos
183 1441 263 1472 eorum,
276 1434 296 1467 et
306 1430 418 1467 induravit
428 1442 466 1468 cor
477 1442 557 1469 eorum.
568 1430 638 1468 Etiam
650 1431 693 1468 hoe
705 1440 779 1468 eorum
790 1431 922 1468 voluntatem

96 1503 200 1540 meruisse
213 1503 342 1546 respondeo.
355 1502 390 1540 Sic
404 1502 462 1539 enim
476 1505 582 1545 excaecat,
596 1502 628 1539 sic
642 1502 735 1539 obdurat
747 1502 811 1545 Deus,
825 1503 924 1539 deseren-

99 1575 126 1612 do
143 1578 163 1612 et
180 1585 224 1612 non
242 1574 373 1619 adiuvando,
389 1574 446 1619 quod
464 1575 549 1612 occulto
564 1573 648 1611 iudicio
665 1574 737 1612 iacere
753 1576 831 1617 potest,
847 1573 924 1619 iniquo

99 1657 141 1685 non
154 1649 245 1692 potest...
257 1647 305 1685 Non
317 1647 389 1692 itaque
400 1646 479 1684 mirum
491 1650 523 1684 est
534 1647 584 1691 quia
597 1656 641 1684 non
654 1648 755 1691 poterant
766 1646 861 1690 credere,
873 1657 924 1691 quo-

99 1732 146 1757 rum
162 1721 261 1758 voluntas
278 1720 310 1757 sio
327 1720 420 1763 superba
436 1722 487 1763 erat,
502 1723 525 1757 ut
541 1719 665 1764 ignorantes
680 1718 720 1756 Dei
737 1718 849 1761 iustitiam,
864 1729 924 1756 suam

99 1794 178 1831 vellent
191 1794 329 1837 constituere,
343 1792 400 1830 sicut
413 1792 467 1829 dicit
481 1791 506 1829 de
520 1792 563 1830 illis
576 1790 702 1835 Apostolus:
716 1790 814 1829 Iustitiae
826 1790 867 1828 Dei
881 1801 923 1828 non

99 1869 148 1903 sunt
163 1865 287 1903 subtantia.
301 1864 357 1915 Quia
369 1864 426 1901 enirn
441 1874 483 1920 non
500 1875 525 1900 ex
541 1863 592 1907 tide,
606 1863 644 1901 sed
658 1866 767 1908 tamquam
782 1874 807 1901 ex
822 1863 925 1907 operibus

99 1940 232 1981 tumuerunt3
243 1938 291 1981 ipso
301 1948 339 1974 suo
348 1939 431 1974 tumore
442 1937 529 1980 caecati,
538 1936 679 1973 offenderunt
688 1935 711 1972 in
719 1935 815 1978 lapidem
823 1934 926 1973 offensio-

100 2009 140 2047 nis.
153 2009 188 2048 Sic
201 2012 270 2047 autem
284 2009 365 2046 dictum
379 2011 411 2045 est
423 2018 466 2044 non
479 2010 585 2052 poterant,
597 2007 635 2045 uhi
646 2007 810 2051 intelligendum
823 2009 855 2044 est
867 2006 925 2051 quod

100 2082 211 2122 nolebant2
223 2081 405 2125 quemadmodum
418 2079 500 2116 dictum
512 2083 543 2116 est
553 2079 579 2116 de
590 2079 684 2116 Domino
694 2078 739 2116 Deo
749 2080 835 2116 nostro:
848 2077 870 2115 Si
882 2088 924 2114 non

101 2154 215 2198 credimus,
224 2153 260 2189 ille
271 2152 344 2189 fidelis
354 2153 473 2195 permanet,
484 2160 561 2194 negare
570 2150 665 2193 seipsum
676 2159 720 2186 non
730 2151 801 2193 potest
808 2153 832 2186 ²¹³.
841 2149 871 2186 De
882 2160 926 2186 orn-

101 2226 212 2270 nipotentc
226 2225 307 2263 dicium
321 2227 363 2262 est:
379 2233 422 2261 non
436 2225 513 2267 potest.
526 2222 585 2260 Sicut
598 2232 648 2267 ergo
661 2222 720 2267 quod
731 2220 836 2259 Dominus
848 2231 926 2265 negare

101 2299 196 2343 seipsum
206 2309 250 2335 non
261 2300 338 2343 potest,
347 2298 394 2335 laus
405 2299 437 2334 est
447 2295 564 2333 voluntatis
576 2295 672 2340 divinae;
683 2294 714 2332 ita
722 2294 781 2339 quod
791 2294 824 2331 illi
835 2304 879 2331 non
890 2304 927 2338 po-

102 2375 170 2409 terent
181 2371 276 2413 credere,
286 2371 350 2412 culpa
361 2372 392 2407 est
401 2367 518 2406 voluntatis
527 2367 633 2405 humanae
642 2380 652 2402 »
661 2371 686 2406 2⁷.
695 2366 751 2411 Ergo
761 2366 927 2410 impossibilitas

152 2564 169 2588 ²⁵
182 2560 232 2594 Rom
246 2560 274 2598 10,
288 2558 305 2593 3,

151 2624 170 2647 ²⁶
182 2621 193 2653 2
207 2620 252 2654 'l'im
266 2618 283 2658 2,
297 2618 326 2653 13.

152 2684 170 2705 2⁷
183 2680 205 2712 In
220 2679 300 2712 Ioannis
313 2678 437 2717 evangelium
449 2679 505 2710 tract.
519 2675 548 2715 53,
562 2676 590 2714 12,
603 2686 633 2709 nr.
646 2675 658 2708 4
671 2685 706 2714 ss.;
719 2675 753 2709 ML
766 2675 795 2713 35,
809 2674 855 2708 1775
868 2684 888 2707 ss
