1952 3093
441 316 443 319 ·
480 301 563 337 Parrus

162 445 182 482 S.
193 445 347 482 Auousrmus:
365 446 442 482 «Haec
455 448 525 482 autem
539 444 620 482 Christi
633 445 708 488 gratia,
722 445 769 481 sine
783 455 837 488 quae
851 455 891 481 nec
903 445 934 482 in-

109 517 179 554 fantes
191 528 231 554 nec
245 520 314 554 aetate
327 517 420 561 grandes
434 518 488 554 salvi
501 516 549 554 fieri
562 519 659 561 possunt,
674 527 718 554 non
731 516 814 553 meritis
828 516 933 562 redditur,

108 589 147 626 sed
160 589 227 633 gratis
243 589 315 634 datur,
330 592 421 633 propter
433 589 492 633 quod
506 592 526 626 et
540 589 609 633 gratia
622 589 753 626 nominatur.
768 588 887 632 Iustificati,
902 589 933 626 111-

108 661 161 705 quit,
173 662 239 705 gratis
251 672 291 705 per
303 662 429 705 sanguinem
440 661 528 705 ipsius»
538 664 552 698 ⁷.
566 661 643 705 «Quae
654 661 720 705 igitur
732 672 770 698 sua
780 661 858 698 merita
870 660 934 699 iacta-

109 737 169 770 turus
183 736 215 770 est
227 733 337 777 liberatus,
351 744 406 777 eum,
420 734 438 770 si
452 733 517 777 digna
530 733 574 770 suis
587 733 671 770 meritis
684 733 834 776 redderentur,
846 743 890 770 non
905 744 934 771 es-

109 808 142 842 set
154 805 199 842 nisi
211 805 339 842 damnatus?
352 805 444 842 Nullane
458 806 524 849 igitur
538 808 588 842 sunt
601 805 679 842 merita
691 805 810 842 iustorum?
825 805 878 842 Sunt
891 805 935 848 pla-

109 877 143 922 ne,
155 877 206 921 quia
216 877 268 914 iusti
280 880 335 914 suut.
347 877 389 915 Sed
400 880 423 914 ut
435 878 487 914 insti
496 877 578 921 fierent,
590 877 668 914 merita
679 887 724 914 non
735 877 823 914 fuerunt
831 889 841 913 »
849 880 865 914 8.
876 900 904 904 -
915 877 934 915 S.

108 948 218 987 Pnosrnn:
237 949 385 987 «Iustificatus
401 950 473 994 itaque
488 949 560 993 homo,
574 949 598 987 id
613 953 651 994 est,
665 961 692 987 ex
707 949 776 993 impio
792 949 842 993 pius
858 949 934 994 factus,

109 1021 169 1059 nullo
183 1022 327 1066 praecedente
340 1021 397 1060 bono
412 1022 496 1066 merito,
511 1022 592 1066 accipit
607 1021 694 1065 donum,
707 1032 749 1066 quo
765 1021 823 1059 dono
838 1021 935 1065 acquirat

109 1096 131 1130 et
140 1094 242 1130 meritum
250 1097 284 1131 »9.
296 1116 324 1121 -
335 1093 437 1138 «Quodsi
449 1097 470 1131 et
482 1093 509 1130 ad
520 1094 569 1131 illos
583 1094 664 1137 dirigas
677 1093 756 1131 mentis
768 1094 877 1137 intuitum,
890 1094 934 1138 qui,

108 1166 195 1209 longam
208 1169 295 1209 agentes
310 1166 334 1202 in
346 1165 435 1209 flagitiis
450 1169 471 1203 et
484 1166 604 1203 sceleribus
620 1168 716 1210 aetatem,
732 1169 867 1203 sacramento
883 1166 934 1209 bap-

109 1237 204 1274 tismatis
215 1237 295 1275 Christi
308 1238 331 1274 in
344 1238 393 1281 ipso
404 1237 462 1275 vitae
472 1237 515 1275 fine
528 1241 666 1282 renovantur,
679 1241 701 1275 et
713 1237 760 1275 sine
773 1238 817 1275 ullo
831 1237 934 1281 suffragio

108 1308 216 1347 bonorum
229 1320 320 1353 operum
334 1310 357 1346 in
372 1310 433 1353 regni
448 1310 548 1347 caelestis
563 1310 696 1347 consortium
710 1309 877 1353 transferuntur,
892 1321 934 1354 quo

109 1381 221 1418 intellectu
241 1381 339 1418 divinum
357 1381 465 1418 iudicium
484 1381 662 1425 comprehendes,
681 1381 725 1418 nisi
743 1384 767 1418 ut
786 1381 936 1419 indubitanter

109 1462 213 1497 agnoscas
223 1453 316 1497 gratuita
327 1464 373 1490 esse
384 1453 424 1490 Dei
435 1463 534 1498 munera;
547 1456 568 1490 et
579 1453 635 1491 sicut
644 1454 703 1491 nulla
713 1457 764 1493 sunt
774 1457 818 1491 tam
830 1454 935 1491 detestan-

110 1524 137 1561 da
147 1525 253 1569 facinora,
265 1535 320 1569 quae
330 1525 416 1568 possint
427 1525 509 1569 gratiae
519 1536 594 1562 arcere
607 1526 694 1569 donum,
705 1526 736 1562 ita
746 1526 806 1562 nulla
816 1536 881 1569 posse
891 1528 934 1562 tam

108 1597 221 1640 praeclara
234 1607 301 1640 opera
315 1597 424 1641 exsistere,
438 1596 518 1641 quibus
529 1597 571 1634 hoc
585 1597 643 1641 quod
656 1597 722 1641 gratis
734 1597 839 1635 tribuitur
850 1608 891 1641 per
903 1608 934 1634 re-

109 1668 237 1705 tributionis
251 1668 358 1705 iudicium
375 1668 491 1706 debeatur?
507 1669 625 1706 Vilesceret
640 1669 699 1706 enim
714 1669 835 1712 redemptio
851 1669 935 1713 sangui-

108 1739 144 1777 nis
156 1739 237 1778 Christi
248 1751 289 1778 nec
300 1740 466 1778 misericordiae
476 1741 516 1778 Dei
526 1740 671 1778 humanorum
683 1752 773 1785 operum
785 1741 934 1785 praerogativa

110 1812 266 1856 succumberet,
279 1812 298 1849 si
310 1811 437 1850 iustificatio
449 1823 504 1857 quae
515 1812 539 1849 fit
551 1824 590 1856 per
603 1813 694 1856 gratiam
707 1813 791 1850 meritis
804 1813 935 1857 praeceden-

110 1884 168 1921 tibus
182 1884 302 1929 deberetur,
314 1888 338 1921 ut
351 1895 394 1921 non
407 1895 485 1921 munus
496 1885 614 1930 largientis,
629 1885 666 1922 sed
680 1896 764 1922 merces
776 1888 832 1922 esset
844 1896 935 1929 operan-

110 1955 139 1992 tis
147 1968 157 1992 a
166 1959 191 1992 1⁰.

492 2124 558 2161 111110

164 2266 226 2303 Ratio
244 2266 308 2303 facile
326 2266 429 2310 intelligit
445 2266 556 2303 hominem
573 2269 710 2309 peccatorem
727 2270 747 2304 et
765 2267 878 2304 inimicum
896 2267 935 2304 Dei

110 2348 155 2375 11011
169 2348 232 2380 posse
247 2348 329 2381 ponere
342 2349 397 2381 opus
411 2333 483 2374 tantae
498 2338 579 2375 valoris
594 2349 667 2375 coram
680 2339 732 2382 Deo,
745 2342 769 2376 ut
785 2339 811 2376 de
827 2339 935 2383 condigno

160 2486 166 2506 ⁷
181 2482 207 2514 De
221 2485 293 2514 natura
308 2485 327 2513 et
342 2483 405 2519 gratia
420 2482 437 2520 l,
451 2482 471 2520 l;
486 2482 519 2514 ML
534 2483 563 2521 44,
578 2482 621 2521 261;
637 2483 654 2515 R
669 2483 720 2516 1791.

160 2546 168 2566 8
182 2542 243 2580 Epist.
256 2542 295 2579 194,
306 2542 323 2580 3,
335 2543 354 2579 6;
365 2542 398 2574 ML
410 2542 438 2580 33,
450 2542 493 2580 876;
506 2542 522 2574 R
534 2543 586 2574 1449.

159 2603 325 2641 9Rcsponsiones
343 2603 367 2634 ad
384 2603 472 2641 capitula
489 2603 623 2635 obiectionnm
641 2598 749 2642 Gallorum,
768 2605 792 2636 ad
809 2604 847 2636 obi,
866 2605 884 2642 ὃς
904 2604 937 2636 ML

113 2664 140 2700 51,
158 2663 200 2700 161;
219 2663 235 2695 R
250 2663 302 2694 2027.

160 2726 178 2747 10
191 2723 218 2754 De
232 2723 334 2755 vocatione
349 2724 438 2755 omnium
451 2723 539 2761 gentium
554 2725 570 2762 1,
585 2724 616 2761 173
632 2725 665 2756 llL
680 2725 707 2763 51,
722 2725 764 2762 669;
781 2725 797 2757 R
811 2725 863 2757 2044.
