1952 3093
394 69 527 132 -aer-v

45 196 125 236 cariam
141 194 219 231 habeat
235 204 322 231 necesse
339 196 376 237 est,
391 196 414 230 ut
430 192 495 230 homo
511 192 623 236 gradiatur
639 192 697 229 intra
713 191 771 228 viam
785 194 808 228 et
824 201 867 229 non

45 267 109 308 iaciat
122 275 208 310 gressus
222 268 283 302 extra
295 265 359 301 viam.
373 264 406 302 Ad
419 265 461 302 hoc
476 267 546 301 autem
560 275 614 308 opus
629 274 673 301 non
688 265 725 308 est,
739 263 762 300 in
777 262 868 306 singulis

44 338 144 385 operibus
156 337 206 374 elici
217 340 288 374 actum
298 336 349 374 fidei
362 340 397 374 aut
409 347 514 374 renovare
525 336 669 373 intentionem
680 335 730 372 finis
742 338 846 379 supernat
861 355 868 361 -

45 411 101 451 ralis.
118 409 160 447 Sed
175 409 231 447 sient
247 410 272 453 is,
288 410 326 453 qui
342 408 540 461 peregrinationem
556 408 672 445 instituens
687 408 711 444 in
727 407 868 452 longinquam

44 484 158 526 civitatem,
170 482 196 519 ab
208 469 272 519 initio
283 481 367 518 firmum
381 481 518 525 propositum
530 481 590 518 elicit
599 481 651 518 illuc
664 480 730 519 eundi
741 483 761 518 et
773 480 794 517 vi
804 479 869 517 huius

44 554 150 602 propositi
167 553 250 591 tamdiu
266 554 367 597 procedit
384 554 407 590 in
424 553 509 597 itinere,
525 553 628 597 quamdiu
646 555 717 589 actum
734 555 868 590 contrarium

45 629 76 666 vel
85 626 188 670 explicite
198 626 232 663 vel
242 626 349 670 implicite
361 636 404 663 non
415 625 532 669 posuerit..
542 653 552 668 .,
563 626 592 661 ita
604 625 742 668 christianus,
754 625 791 669 qui
803 624 868 661 semel

45 699 117 738 elicuit
128 698 214 735 firmum
227 698 363 742 propositum
376 697 460 734 actibus
474 698 518 734 suis
531 697 659 741 acquirendi
672 697 739 734 vitam
752 700 868 739 aeternam,

45 771 126 810 tamdiu
143 782 168 808 ex
184 771 226 807 hoc
243 770 356 813 proposito
371 770 422 814 agit,
439 769 543 813 quamdin
560 755 615 806 illud
632 779 675 806 non
694 773 781 807 revocat
799 779 867 812 neque

45 842 141 887 negative
154 853 223 886 neque
236 842 335 886 positive,
348 853 417 885 neque
430 841 532 885 explicite
546 852 614 885 neque
628 842 741 885 implicite,
754 841 824 885 qualis
837 852 868 877 re-

46 914 127 953 vocatio
139 914 200 951 adest
211 915 234 950 in
245 914 305 951 omni
317 914 377 958 gravi
388 916 485 957 peccato.
498 913 520 951 Si
531 924 582 950 vero
596 913 736 957 revocaverit,
749 923 807 950 nova
819 923 868 950 con-

45 987 113 1024 versio
127 986 154 1022 ad
165 985 230 1022 finem
241 986 392 1030 requiritur...
404 985 477 1029 Neque
489 985 613 1022 necessaria
625 985 689 1021 estin
702 985 798 1028 quolibet
810 984 868 1021 bono

45 1069 108 1102 opere
123 1057 225 1101 cogitatio
238 1058 297 1094 huno
310 1060 382 1094 actum
396 1057 420 1093 in
434 1057 507 1101 specie
522 1067 534 1093 a
548 1057 593 1094 Deo
608 1057 726 1093 revelatum
740 1067 786 1093 esse
800 1059 824 1094 ut
837 1067 868 1093 sa-

45 1132 140 1172 lutarem,
153 1140 202 1185 cum
213 1129 328 1166 christiani
341 1129 411 1166 sciant
421 1137 434 1166 a
446 1129 491 1166 Deo
505 1129 569 1166 etiam
580 1128 754 1166 observationem
766 1128 820 1171 legis
832 1138 868 1186 na-

45 1201 118 1239 turalis
132 1201 195 1239 nobis
207 1201 342 1245 propositam
356 1212 401 1238 esse
415 1205 438 1238 ut
449 1201 507 1238 viam
521 1201 549 1238 ad
560 1200 625 1238 finem
639 1201 831 1244 supernaturalem,
845 1203 868 1237 ut

45 1286 61 1312 e.
75 1283 93 1317 g.
107 1274 130 1309 in
145 1284 244 1311 sermone
256 1273 279 1309 in
293 1276 399 1310 monte.
414 1273 436 1311 Si
449 1284 500 1310 vero
515 1273 647 1310 christianus
661 1283 727 1316 opera
741 1272 868 1309 naturaliter

44 1348 132 1382 honesta
146 1346 281 1382 solummodo
295 1345 377 1382 faceret
389 1345 416 1382 oh
429 1345 506 1382 mundi
519 1345 583 1382 huius
597 1345 738 1388 honestatem,
751 1345 782 1382 110
796 1348 818 1381 01
830 1355 869 1388 per

45 1429 68 1455 ea
82 1417 141 1455 nullo
157 1417 221 1455 modo
237 1416 335 1454 tenderet
349 1417 377 1454 ad
391 1416 456 1453 finem
472 1417 664 1474 supernaturalem,
679 1427 723 1453 non
739 1416 809 1454 solum
825 1427 868 1454 000

46 1490 97 1526 bene
110 1491 189 1533 ageret,
203 1488 242 1525 sed
253 1491 360 1532 peccaret,
374 1490 425 1532 quia
439 1489 506 1525 nollet
520 1499 542 1526 se
557 1488 694 1525 conformare
709 1488 796 1525 divinae
811 1488 868 1526 ordi·

45 1561 133 1597 nationi.
142 1589 146 1597 .
155 1588 160 1597 .
170 1561 290 1597 Vehemens
301 1561 338 1598 1110
348 1561 473 1605 disputatio,
483 1572 538 1605 quae
548 1561 574 1597 de
584 1561 626 1597 hac
636 1571 659 1598 re
669 1561 727 1598 inter
735 1560 868 1604 posteriores

46 1632 154 1675 theologos
171 1632 269 1675 agitatur,
287 1632 338 1669 inde
354 1635 401 1669 orta
419 1643 465 1669 esse
482 1632 574 1674 videtur,
591 1632 649 1676 quod
667 1632 705 1668 alii
722 1642 765 1669 non
784 1643 869 1675 semper

45 1705 95 1740 satis
109 1704 255 1747 attendebant,
268 1704 321 1748 quid
335 1704 488 1748 requireretur,
500 1708 523 1741 ut
535 1704 627 1741 intentio
641 1704 691 1740 finis
703 1704 726 1740 in
741 1705 869 1741 electionem

46 1776 164 1814 mediorum
181 1776 281 1813 influeret
298 1787 387 1820 eamque
404 1776 545 1820 dignificaret,
562 1779 583 1813 et
598 1776 648 1813 ideo
666 1776 757 1813 nimium
775 1778 869 1820 postula·

45 1847 104 1892 bant3
119 1848 156 1885 alii
168 1858 220 1885 vero
233 1848 292 1884 hunc
305 1851 454 1891 exaggeratum
469 1851 598 1891 conceptum
611 1849 634 1883 10
647 1849 725 1884 malam
739 1851 823 1891 partem
837 1849 868 1884 10-

45 1919 218 1963 terpretabautur
233 1923 253 1956 et
266 1919 297 1957 ita
314 1920 446 1957 chimaeram
461 1920 624 1963 impugnabant.
640 1920 699 1957 Sane
711 1920 783 1964 quivis
799 1920 869 1957 honus

46 1986 175 2029 christianus
190 1992 341 2036 interrogatus,
356 2002 395 2029 cur
408 1992 466 2029 hona
478 2003 545 2035 opera
559 1992 631 2038 iaciat,
645 1992 797 2035 respondebit:
815 1992 868 2036 Quia

46 2063 92 2100 volo
108 2064 131 2100 in
149 2064 231 2101 caelum
248 2064 329 2102 venire.
345 2064 403 2100 Haec
419 2064 537 2101 habitualis
554 2064 646 2101 intentio
662 2064 727 2107 plane
744 2064 829 2109 sufficit,
846 2068 869 2102 ut

45 2134 92 2177 quis
104 2147 129 2172 ex
140 2135 221 2173 motivo
233 2135 284 2172 fidei
294 2138 348 2179 agat.
360 2135 430 2179 Quare
441 2136 494 2173 tales
504 2136 604 2172 homines
615 2146 659 2173 non
672 2140 721 2174 sunt
732 2136 868 2181 inquietandi

46 2205 103 2244 circa
116 2208 197 2244 motiva
208 2207 316 2245 bonorum
329 2218 419 2251 operum
434 2219 521 2244 suorum
536 2208 574 2245 sed
588 2208 718 2251 simpliciter
732 2208 869 2251 exhortandi,

46 2281 67 2314 01
79 2278 158 2316 honam
173 2280 317 2317 intentionem
332 2280 417 2323 saepius
431 2283 542 2317 renovent.
557 2280 615 2317 Haec
630 2280 722 2317 intentio
737 2281 760 2317 10
775 2292 869 2319 commu-

46 2349 107 2387 nibus
121 2351 247 2389 hominihus
260 2352 297 2388 vix
309 2362 411 2395 umquam
425 2351 525 2395 procedit
538 2363 564 2390 ex
577 2352 730 2395 philosophica
746 2353 869 2391 considera-

47 2420 103 2459 tione
120 2423 225 2460 naturalis
241 2421 367 2467 honestatis,
385 2423 424 2460 sed
440 2424 512 2467 potius
530 2434 556 2460 ex
575 2424 675 2461 doctrina
691 2424 742 2462 fidei
760 2425 785 2462 de
803 2435 869 2469 regno

46 2493 131 2531 caelesti
144 2494 228 2532 meritis
242 2495 412 2539 adipiscendos.
427 2494 493 2532 Multo
508 2495 579 2532 minus
594 2496 657 2532 etiam
673 2496 695 2533 in
712 2497 819 2534 sententia
832 2508 869 2540 op-

47 2565 115 2605 posita
127 2577 171 2604 non
182 2567 269 2604 videtur
281 2567 369 2612 requiri.

72 2631 74 2635 ,
96 2649 197 2693 Quaestio
210 2651 322 2694 proposita
336 2651 362 2688 de
375 2662 399 2688 eo
412 2654 495 2688 tantum
508 2652 558 2694 agit,
571 2652 624 2695 quid
637 2652 733 2690 absolute
747 2654 869 2698 requIratur

47 2719 72 2756 ad
84 2724 155 2759 actum
167 2722 311 2767 meritorium;
323 2733 363 2766 per
375 2734 398 2759 se
410 2725 474 2766 patet,
488 2726 558 2760 actum
570 2723 682 2761 meliorem
694 2728 714 2762 et
726 2725 794 2769 magis
806 2727 869 2762 meri-
