<?xml version="1.0" encoding="UTF-8"?>
<!DOCTYPE html PUBLIC "-//W3C//DTD XHTML 1.0 Transitional//EN"
    "http://www.w3.org/TR/xhtml1/DTD/xhtml1-transitional.dtd">
<html xmlns="http://www.w3.org/1999/xhtml" xml:lang="en" lang="en">
 <head>
  <title>
</title>
<meta http-equiv="Content-Type" content="text/html;charset=utf-8" />
  <meta name='ocr-system' content='tesseract 3.04.00' />
  <meta name='ocr-capabilities' content='ocr_page ocr_carea ocr_par ocr_line ocrx_word'/>
</head>
<body>
  <div class='ocr_page' id='page_1' title='image "./MN41638ucmf_6_0157.png"; bbox 0 0 1952 3093; ppageno 0'>
   <div class='ocr_carea' id='block_1_1' title="bbox 372 75 492 111">
    <p class='ocr_par' dir='ltr' id='par_1_1' title="bbox 372 75 492 111">
     <span class='ocr_line' id='line_1_1' title="bbox 372 75 492 111; baseline 0 0"><span class='ocrx_word' id='word_1_1' title='bbox 372 75 492 111; x_wconf 85' lang='lat'><strong>-137-</strong></span> 
     </span>
    </p>
   </div>
   <div class='ocr_carea' id='block_1_2' title="bbox 17 193 848 1896">
    <p class='ocr_par' dir='ltr' id='par_1_2' title="bbox 17 193 845 600">
     <span class='ocr_line' id='line_1_2' title="bbox 17 193 844 239; baseline -0.007 -4"><span class='ocrx_word' id='word_1_2' title='bbox 17 196 118 235; x_wconf 88' lang='lat' dir='ltr'>babenda</span> <span class='ocrx_word' id='word_1_3' title='bbox 130 200 161 233; x_wconf 90' lang='lat' dir='ltr'>est</span> <span class='ocrx_word' id='word_1_4' title='bbox 173 196 237 233; x_wconf 91' lang='lat' dir='ltr'>etiam</span> <span class='ocrx_word' id='word_1_5' title='bbox 250 205 356 239; x_wconf 83' lang='lat' dir='ltr'>personae</span> <span class='ocrx_word' id='word_1_6' title='bbox 369 195 391 231; x_wconf 94' lang='lat' dir='ltr'>in</span> <span class='ocrx_word' id='word_1_7' title='bbox 404 195 465 231; x_wconf 92' lang='lat' dir='ltr'>cuius</span> <span class='ocrx_word' id='word_1_8' title='bbox 478 194 606 238; x_wconf 85' lang='lat' dir='ltr'>obsequium</span> <span class='ocrx_word' id='word_1_9' title='bbox 619 204 673 237; x_wconf 91' lang='lat' dir='ltr'>opus</span> <span class='ocrx_word' id='word_1_10' title='bbox 687 193 745 230; x_wconf 81' lang='lat' dir='ltr'>cedit</span> <span class='ocrx_word' id='word_1_11' title='bbox 757 196 777 230; x_wconf 89' lang='lat' dir='ltr'>et</span> <span class='ocrx_word' id='word_1_12' title='bbox 790 203 844 237; x_wconf 89' lang='lat' dir='ltr'>quae</span> 
     </span>
     <span class='ocr_line' id='line_1_3' title="bbox 18 266 845 312; baseline -0.006 -6"><span class='ocrx_word' id='word_1_13' title='bbox 18 269 125 307; x_wconf 80' lang='lat' dir='ltr'>retribuit.</span> <span class='ocrx_word' id='word_1_14' title='bbox 138 269 171 305; x_wconf 90' lang='lat' dir='ltr'>Ita</span> <span class='ocrx_word' id='word_1_15' title='bbox 185 267 277 312; x_wconf 81' lang='lat' dir='ltr'>quilibet</span> <span class='ocrx_word' id='word_1_16' title='bbox 290 270 363 304; x_wconf 89' lang='lat' dir='ltr'>censet</span> <span class='ocrx_word' id='word_1_17' title='bbox 377 267 489 304; x_wconf 89' lang='lat' dir='ltr'>hominem</span> <span class='ocrx_word' id='word_1_18' title='bbox 503 266 571 310; x_wconf 78' lang='lat' dir='ltr'>magis</span> <span class='ocrx_word' id='word_1_19' title='bbox 587 266 676 303; x_wconf 83' lang='lat' dir='ltr'>divitem</span> <span class='ocrx_word' id='word_1_20' title='bbox 691 269 711 303; x_wconf 90' lang='lat' dir='ltr'>et</span> <span class='ocrx_word' id='word_1_21' title='bbox 724 266 792 309; x_wconf 79' lang='lat' dir='ltr'>magis</span> <span class='ocrx_word' id='word_1_22' title='bbox 808 275 845 301; x_wconf 94' lang='lat' dir='ltr'>no-</span> 
     </span>
     <span class='ocr_line' id='line_1_4' title="bbox 18 338 845 384; baseline -0.006 -6"><span class='ocrx_word' id='word_1_23' title='bbox 18 341 84 379; x_wconf 90' lang='lat' dir='ltr'>bilem</span> <span class='ocrx_word' id='word_1_24' title='bbox 99 340 191 384; x_wconf 90' lang='lat' dir='ltr'>amplius</span> <span class='ocrx_word' id='word_1_25' title='bbox 207 339 258 377; x_wconf 88' lang='lat' dir='ltr'>dare</span> <span class='ocrx_word' id='word_1_26' title='bbox 273 339 400 383; x_wconf 88' lang='lat' dir='ltr'>praemium,</span> <span class='ocrx_word' id='word_1_27' title='bbox 416 349 479 383; x_wconf 89' lang='lat' dir='ltr'>quarn</span> <span class='ocrx_word' id='word_1_28' title='bbox 494 339 565 375; x_wconf 91' lang='lat' dir='ltr'>minus</span> <span class='ocrx_word' id='word_1_29' title='bbox 582 338 670 376; x_wconf 91' lang='lat' dir='ltr'>divitem</span> <span class='ocrx_word' id='word_1_30' title='bbox 685 342 705 375; x_wconf 95' lang='lat' dir='ltr'>et</span> <span class='ocrx_word' id='word_1_31' title='bbox 720 338 793 375; x_wconf 91' lang='lat' dir='ltr'>minus</span> <span class='ocrx_word' id='word_1_32' title='bbox 808 348 845 373; x_wconf 93' lang='lat' dir='ltr'>no-</span> 
     </span>
     <span class='ocr_line' id='line_1_5' title="bbox 17 410 844 455; baseline -0.005 -5"><span class='ocrx_word' id='word_1_33' title='bbox 17 413 90 451; x_wconf 86' lang='lat' dir='ltr'>bilem.</span> <span class='ocrx_word' id='word_1_34' title='bbox 108 412 231 450; x_wconf 89' lang='lat' dir='ltr'>Secundum</span> <span class='ocrx_word' id='word_1_35' title='bbox 247 424 263 449; x_wconf 90' lang='lat' dir='ltr'>s.</span> <span class='ocrx_word' id='word_1_36' title='bbox 280 412 386 448; x_wconf 92' lang='lat' dir='ltr'>Thomam</span> <span class='ocrx_word' id='word_1_37' title='bbox 402 411 456 448; x_wconf 91' lang='lat' dir='ltr'>baec</span> <span class='ocrx_word' id='word_1_38' title='bbox 473 411 591 455; x_wconf 82' lang='lat' dir='ltr'>aequalitas</span> <span class='ocrx_word' id='word_1_39' title='bbox 608 410 758 454; x_wconf 81' lang='lat' dir='ltr'>proportionis</span> <span class='ocrx_word' id='word_1_40' title='bbox 777 410 844 452; x_wconf 87' lang='lat' dir='ltr'>adest,</span> 
     </span>
     <span class='ocr_line' id='line_1_6' title="bbox 19 483 844 528; baseline -0.005 -6"><span class='ocrx_word' id='word_1_41' title='bbox 19 485 37 523; x_wconf 93' lang='lat' dir='ltr'>si</span> <span class='ocrx_word' id='word_1_42' title='bbox 48 485 169 528; x_wconf 88' lang='lat' dir='ltr'>praemium</span> <span class='ocrx_word' id='word_1_43' title='bbox 181 495 222 528; x_wconf 89' lang='lat' dir='ltr'>pro</span> <span class='ocrx_word' id='word_1_44' title='bbox 234 485 282 528; x_wconf 90' lang='lat' dir='ltr'>ipso</span> <span class='ocrx_word' id='word_1_45' title='bbox 296 486 446 520; x_wconf 88' lang='lat' dir='ltr'>remunerante</span> <span class='ocrx_word' id='word_1_46' title='bbox 460 493 504 519; x_wconf 91' lang='lat' dir='ltr'>non</span> <span class='ocrx_word' id='word_1_47' title='bbox 518 486 549 520; x_wconf 92' lang='lat' dir='ltr'>est</span> <span class='ocrx_word' id='word_1_48' title='bbox 562 493 616 526; x_wconf 87' lang='lat' dir='ltr'>opus</span> <span class='ocrx_word' id='word_1_49' title='bbox 629 483 698 519; x_wconf 89' lang='lat' dir='ltr'>maius</span> <span class='ocrx_word' id='word_1_50' title='bbox 712 493 776 526; x_wconf 91' lang='lat' dir='ltr'>quam</span> <span class='ocrx_word' id='word_1_51' title='bbox 790 493 844 525; x_wconf 87' lang='lat' dir='ltr'>opus</span> 
     </span>
     <span class='ocr_line' id='line_1_7' title="bbox 18 556 387 600; baseline -0.005 -6"><span class='ocrx_word' id='word_1_52' title='bbox 18 557 154 594; x_wconf 89' lang='lat' dir='ltr'>meritorium</span> <span class='ocrx_word' id='word_1_53' title='bbox 167 567 207 600; x_wconf 88' lang='lat' dir='ltr'>pro</span> <span class='ocrx_word' id='word_1_54' title='bbox 222 556 271 600; x_wconf 88' lang='lat' dir='ltr'>ipso</span> <span class='ocrx_word' id='word_1_55' title='bbox 284 558 387 593; x_wconf 87' lang='lat' dir='ltr'>merente.</span> 
     </span>
    </p>

    <p class='ocr_par' dir='ltr' id='par_1_3' title="bbox 18 626 845 959">
     <span class='ocr_line' id='line_1_8' title="bbox 72 626 845 672; baseline -0.004 -7"><span class='ocrx_word' id='word_1_56' title='bbox 72 628 164 672; x_wconf 84' lang='lat' dir='ltr'>Propter</span> <span class='ocrx_word' id='word_1_57' title='bbox 178 628 238 665; x_wconf 87' lang='lat' dir='ltr'>illam</span> <span class='ocrx_word' id='word_1_58' title='bbox 253 627 409 672; x_wconf 84' lang='lat' dir='ltr'>aequalitatem,</span> <span class='ocrx_word' id='word_1_59' title='bbox 424 627 496 671; x_wconf 86' lang='lat' dir='ltr'>posita</span> <span class='ocrx_word' id='word_1_60' title='bbox 512 626 667 670; x_wconf 83' lang='lat' dir='ltr'>acceptatione,</span> <span class='ocrx_word' id='word_1_61' title='bbox 681 627 803 670; x_wconf 90' lang='lat' dir='ltr'>praemium</span> <span class='ocrx_word' id='word_1_62' title='bbox 819 637 845 663; x_wconf 84' lang='lat' dir='ltr'>ex</span> 
     </span>
     <span class='ocr_line' id='line_1_9' title="bbox 18 698 844 744; baseline -0.004 -7"><span class='ocrx_word' id='word_1_63' title='bbox 18 700 101 737; x_wconf 85' lang='lat' dir='ltr'>iustitia</span> <span class='ocrx_word' id='word_1_64' title='bbox 116 700 211 744; x_wconf 90' lang='lat' dir='ltr'>debetur,</span> <span class='ocrx_word' id='word_1_65' title='bbox 226 704 246 737; x_wconf 91' lang='lat' dir='ltr'>et</span> <span class='ocrx_word' id='word_1_66' title='bbox 259 699 347 744; x_wconf 93' lang='lat' dir='ltr'>quidem</span> <span class='ocrx_word' id='word_1_67' title='bbox 361 700 379 737; x_wconf 89' lang='lat' dir='ltr'>si</span> <span class='ocrx_word' id='word_1_68' title='bbox 393 703 426 736; x_wconf 89' lang='lat' dir='ltr'>est</span> <span class='ocrx_word' id='word_1_69' title='bbox 439 699 557 743; x_wconf 83' lang='lat' dir='ltr'>aequalitas</span> <span class='ocrx_word' id='word_1_70' title='bbox 570 698 720 743; x_wconf 89' lang='lat' dir='ltr'>quantitativa,</span> <span class='ocrx_word' id='word_1_71' title='bbox 735 709 760 735; x_wconf 86' lang='lat' dir='ltr'>ex</span> <span class='ocrx_word' id='word_1_72' title='bbox 773 701 844 742; x_wconf 82' lang='lat' dir='ltr'>rigore</span> 
     </span>
     <span class='ocr_line' id='line_1_10' title="bbox 19 770 845 816; baseline -0.002 -7"><span class='ocrx_word' id='word_1_73' title='bbox 19 771 121 816; x_wconf 77' lang='lat' dir='ltr'>iustitiae,</span> <span class='ocrx_word' id='word_1_74' title='bbox 132 772 151 809; x_wconf 93' lang='lat' dir='ltr'>si</span> <span class='ocrx_word' id='word_1_75' title='bbox 164 775 196 809; x_wconf 92' lang='lat' dir='ltr'>est</span> <span class='ocrx_word' id='word_1_76' title='bbox 208 771 325 816; x_wconf 87' lang='lat' dir='ltr'>aequalitas</span> <span class='ocrx_word' id='word_1_77' title='bbox 338 770 495 815; x_wconf 83' lang='lat' dir='ltr'>proportionis,</span> <span class='ocrx_word' id='word_1_78' title='bbox 507 781 551 808; x_wconf 93' lang='lat' dir='ltr'>non</span> <span class='ocrx_word' id='word_1_79' title='bbox 565 782 591 807; x_wconf 86' lang='lat' dir='ltr'>ex</span> <span class='ocrx_word' id='word_1_80' title='bbox 601 773 647 808; x_wconf 89' lang='lat' dir='ltr'>toto</span> <span class='ocrx_word' id='word_1_81' title='bbox 660 770 731 814; x_wconf 81' lang='lat' dir='ltr'>rigore</span> <span class='ocrx_word' id='word_1_82' title='bbox 743 770 845 807; x_wconf 89' lang='lat' dir='ltr'>iustitiae.</span> 
     </span>
     <span class='ocr_line' id='line_1_11' title="bbox 19 842 845 887; baseline -0.004 -6"><span class='ocrx_word' id='word_1_83' title='bbox 19 843 118 887; x_wconf 83' lang='lat' dir='ltr'>Dignitas</span> <span class='ocrx_word' id='word_1_84' title='bbox 131 843 204 887; x_wconf 92' lang='lat' dir='ltr'>operis</span> <span class='ocrx_word' id='word_1_85' title='bbox 215 843 323 880; x_wconf 88' lang='lat' dir='ltr'>meritorii</span> <span class='ocrx_word' id='word_1_86' title='bbox 336 846 473 880; x_wconf 86' lang='lat' dir='ltr'>mensuratur</span> <span class='ocrx_word' id='word_1_87' title='bbox 485 845 531 879; x_wconf 89' lang='lat' dir='ltr'>tum</span> <span class='ocrx_word' id='word_1_88' title='bbox 543 854 569 880; x_wconf 86' lang='lat' dir='ltr'>ex</span> <span class='ocrx_word' id='word_1_89' title='bbox 582 842 631 886; x_wconf 91' lang='lat' dir='ltr'>ipso</span> <span class='ocrx_word' id='word_1_90' title='bbox 643 853 708 886; x_wconf 90' lang='lat' dir='ltr'>opere</span> <span class='ocrx_word' id='word_1_91' title='bbox 721 842 744 878; x_wconf 92' lang='lat' dir='ltr'>in</span> <span class='ocrx_word' id='word_1_92' title='bbox 758 854 786 886; x_wconf 88' lang='lat' dir='ltr'>se,</span> <span class='ocrx_word' id='word_1_93' title='bbox 800 845 845 879; x_wconf 88' lang='lat' dir='ltr'>tum</span> 
     </span>
     <span class='ocr_line' id='line_1_12' title="bbox 20 915 344 959; baseline -0.006 -6"><span class='ocrx_word' id='word_1_94' title='bbox 20 915 84 953; x_wconf 88' lang='lat' dir='ltr'>etiam</span> <span class='ocrx_word' id='word_1_95' title='bbox 94 926 120 952; x_wconf 87' lang='lat' dir='ltr'>ex</span> <span class='ocrx_word' id='word_1_96' title='bbox 130 926 224 959; x_wconf 92' lang='lat' dir='ltr'>persona</span> <span class='ocrx_word' id='word_1_97' title='bbox 235 917 344 959; x_wconf 90' lang='lat' dir='ltr'>operante.</span> 
     </span>
    </p>

    <p class='ocr_par' dir='ltr' id='par_1_4' title="bbox 20 985 845 1103">
     <span class='ocr_line' id='line_1_13' title="bbox 74 985 845 1031; baseline -0.003 -7"><span class='ocrx_word' id='word_1_98' title='bbox 74 987 146 1024; x_wconf 91' lang='lat' dir='ltr'>Solum</span> <span class='ocrx_word' id='word_1_99' title='bbox 158 987 259 1024; x_wconf 91' lang='lat' dir='ltr'>meritum</span> <span class='ocrx_word' id='word_1_100' title='bbox 272 987 298 1024; x_wconf 91' lang='lat' dir='ltr'>de</span> <span class='ocrx_word' id='word_1_101' title='bbox 310 986 418 1031; x_wconf 84' lang='lat' dir='ltr'>condigno</span> <span class='ocrx_word' id='word_1_102' title='bbox 432 990 463 1023; x_wconf 91' lang='lat' dir='ltr'>est</span> <span class='ocrx_word' id='word_1_103' title='bbox 475 987 576 1024; x_wconf 90' lang='lat' dir='ltr'>meritum</span> <span class='ocrx_word' id='word_1_104' title='bbox 589 996 654 1023; x_wconf 90' lang='lat' dir='ltr'>sensu</span> <span class='ocrx_word' id='word_1_105' title='bbox 665 986 746 1028; x_wconf 87' lang='lat' dir='ltr'>stricto,</span> <span class='ocrx_word' id='word_1_106' title='bbox 760 989 780 1024; x_wconf 89' lang='lat' dir='ltr'>et</span> <span class='ocrx_word' id='word_1_107' title='bbox 791 985 845 1022; x_wconf 91' lang='lat' dir='ltr'>illud</span> 
     </span>
     <span class='ocr_line' id='line_1_14' title="bbox 20 1056 605 1103; baseline 0 -8"><span class='ocrx_word' id='word_1_108' title='bbox 20 1059 154 1103; x_wconf 78' lang='lat' dir='ltr'>intelligitur,</span> <span class='ocrx_word' id='word_1_109' title='bbox 170 1059 188 1096; x_wconf 92' lang='lat' dir='ltr'>si</span> <span class='ocrx_word' id='word_1_110' title='bbox 204 1059 321 1096; x_wconf 89' lang='lat' dir='ltr'>demerito</span> <span class='ocrx_word' id='word_1_111' title='bbox 336 1058 466 1102; x_wconf 92' lang='lat' dir='ltr'>simpliciter</span> <span class='ocrx_word' id='word_1_112' title='bbox 481 1056 551 1096; x_wconf 70' lang='lat' dir='ltr'>&#39;sermo</span> <span class='ocrx_word' id='word_1_113' title='bbox 566 1060 605 1095; x_wconf 89' lang='lat' dir='ltr'>est.</span> 
     </span>
    </p>

    <p class='ocr_par' dir='ltr' id='par_1_5' title="bbox 20 1130 848 1896">
     <span class='ocr_line' id='line_1_15' title="bbox 73 1130 846 1174; baseline -0.001 -7"><span class='ocrx_word' id='word_1_114' title='bbox 73 1130 173 1167; x_wconf 89' lang='lat' dir='ltr'>Meritum</span> <span class='ocrx_word' id='word_1_115' title='bbox 188 1133 219 1167; x_wconf 93' lang='lat' dir='ltr'>est</span> <span class='ocrx_word' id='word_1_116' title='bbox 240 1131 272 1168; x_wconf 88' lang='lat' dir='ltr'>de</span> <span class='ocrx_word' id='word_1_117' title='bbox 293 1140 442 1173; x_wconf 83' lang='lat' dir='ltr'>congruo,</span> <span class='ocrx_word' id='word_1_118' title='bbox 463 1130 482 1166; x_wconf 87' lang='lat' dir='ltr'>si</span> <span class='ocrx_word' id='word_1_119' title='bbox 495 1131 532 1167; x_wconf 83' lang='lat' dir='ltr'>illa</span> <span class='ocrx_word' id='word_1_120' title='bbox 546 1130 664 1174; x_wconf 84' lang='lat' dir='ltr'>aequalitas</span> <span class='ocrx_word' id='word_1_121' title='bbox 678 1140 722 1167; x_wconf 95' lang='lat' dir='ltr'>non</span> <span class='ocrx_word' id='word_1_122' title='bbox 736 1130 803 1174; x_wconf 87' lang='lat' dir='ltr'>adest,</span> <span class='ocrx_word' id='word_1_123' title='bbox 817 1132 846 1167; x_wconf 90' lang='lat' dir='ltr'>at-</span> 
     </span>
     <span class='ocr_line' id='line_1_16' title="bbox 20 1201 846 1246; baseline -0.001 -7"><span class='ocrx_word' id='word_1_124' title='bbox 20 1205 91 1239; x_wconf 89' lang='lat' dir='ltr'>tamen</span> <span class='ocrx_word' id='word_1_125' title='bbox 109 1202 203 1246; x_wconf 80' lang='lat' dir='ltr'>dignitas</span> <span class='ocrx_word' id='word_1_126' title='bbox 218 1202 324 1246; x_wconf 88' lang='lat' dir='ltr'>quaedam</span> <span class='ocrx_word' id='word_1_127' title='bbox 338 1202 361 1238; x_wconf 91' lang='lat' dir='ltr'>in</span> <span class='ocrx_word' id='word_1_128' title='bbox 378 1213 443 1246; x_wconf 89' lang='lat' dir='ltr'>opere</span> <span class='ocrx_word' id='word_1_129' title='bbox 459 1202 576 1246; x_wconf 86' lang='lat' dir='ltr'>invenitur,</span> <span class='ocrx_word' id='word_1_130' title='bbox 591 1201 619 1239; x_wconf 92' lang='lat' dir='ltr'>ob</span> <span class='ocrx_word' id='word_1_131' title='bbox 636 1212 700 1246; x_wconf 89' lang='lat' dir='ltr'>quam</span> <span class='ocrx_word' id='word_1_132' title='bbox 716 1201 778 1239; x_wconf 94' lang='lat' dir='ltr'>decet</span> <span class='ocrx_word' id='word_1_133' title='bbox 795 1201 846 1238; x_wconf 88' lang='lat' dir='ltr'>dare</span> 
     </span>
     <span class='ocr_line' id='line_1_17' title="bbox 20 1273 847 1318; baseline 0 -8"><span class='ocrx_word' id='word_1_134' title='bbox 20 1273 148 1318; x_wconf 83' lang='lat' dir='ltr'>praemium,</span> <span class='ocrx_word' id='word_1_135' title='bbox 159 1273 217 1317; x_wconf 91' lang='lat' dir='ltr'>quod</span> <span class='ocrx_word' id='word_1_136' title='bbox 228 1275 324 1311; x_wconf 86' lang='lat' dir='ltr'>valorem</span> <span class='ocrx_word' id='word_1_137' title='bbox 336 1274 408 1317; x_wconf 89' lang='lat' dir='ltr'>operis</span> <span class='ocrx_word' id='word_1_138' title='bbox 420 1274 446 1310; x_wconf 94' lang='lat' dir='ltr'>de</span> <span class='ocrx_word' id='word_1_139' title='bbox 458 1273 515 1311; x_wconf 88' lang='lat' dir='ltr'>facto</span> <span class='ocrx_word' id='word_1_140' title='bbox 527 1273 619 1311; x_wconf 82' lang='lat' dir='ltr'>excedit.</span> <span class='ocrx_word' id='word_1_141' title='bbox 630 1274 655 1310; x_wconf 92' lang='lat' dir='ltr'>In</span> <span class='ocrx_word' id='word_1_142' title='bbox 666 1273 704 1310; x_wconf 92' lang='lat' dir='ltr'>tali</span> <span class='ocrx_word' id='word_1_143' title='bbox 716 1273 847 1317; x_wconf 80' lang='lat' dir='ltr'>suppositio-</span> 
     </span>
     <span class='ocr_line' id='line_1_18' title="bbox 20 1345 847 1390; baseline 0 -9"><span class='ocrx_word' id='word_1_144' title='bbox 20 1356 47 1382; x_wconf 92' lang='lat' dir='ltr'>ne</span> <span class='ocrx_word' id='word_1_145' title='bbox 58 1345 101 1389; x_wconf 89' lang='lat' dir='ltr'>ille,</span> <span class='ocrx_word' id='word_1_146' title='bbox 113 1346 136 1382; x_wconf 94' lang='lat' dir='ltr'>in</span> <span class='ocrx_word' id='word_1_147' title='bbox 150 1345 211 1383; x_wconf 89' lang='lat' dir='ltr'>cuius</span> <span class='ocrx_word' id='word_1_148' title='bbox 223 1345 350 1390; x_wconf 91' lang='lat' dir='ltr'>obsequium</span> <span class='ocrx_word' id='word_1_149' title='bbox 363 1346 417 1383; x_wconf 88' lang='lat' dir='ltr'>alter</span> <span class='ocrx_word' id='word_1_150' title='bbox 429 1349 529 1389; x_wconf 90' lang='lat' dir='ltr'>operatus</span> <span class='ocrx_word' id='word_1_151' title='bbox 543 1348 580 1389; x_wconf 86' lang='lat' dir='ltr'>est,</span> <span class='ocrx_word' id='word_1_152' title='bbox 592 1355 636 1382; x_wconf 90' lang='lat' dir='ltr'>non</span> <span class='ocrx_word' id='word_1_153' title='bbox 648 1348 734 1382; x_wconf 88' lang='lat' dir='ltr'>tenetur</span> <span class='ocrx_word' id='word_1_154' title='bbox 745 1345 773 1383; x_wconf 90' lang='lat' dir='ltr'>ad</span> <span class='ocrx_word' id='word_1_155' title='bbox 785 1345 847 1382; x_wconf 89' lang='lat' dir='ltr'>retri-</span> 
     </span>
     <span class='ocr_line' id='line_1_19' title="bbox 20 1416 846 1462; baseline -0.001 -8"><span class='ocrx_word' id='word_1_156' title='bbox 20 1416 141 1462; x_wconf 91' lang='lat' dir='ltr'>butionem;</span> <span class='ocrx_word' id='word_1_157' title='bbox 154 1416 194 1454; x_wconf 89' lang='lat' dir='ltr'>sed</span> <span class='ocrx_word' id='word_1_158' title='bbox 202 1420 274 1460; x_wconf 89' lang='lat' dir='ltr'>potest</span> <span class='ocrx_word' id='word_1_159' title='bbox 285 1417 315 1454; x_wconf 91' lang='lat' dir='ltr'>ita</span> <span class='ocrx_word' id='word_1_160' title='bbox 326 1427 361 1453; x_wconf 92' lang='lat' dir='ltr'>res</span> <span class='ocrx_word' id='word_1_161' title='bbox 373 1428 395 1454; x_wconf 91' lang='lat' dir='ltr'>se</span> <span class='ocrx_word' id='word_1_162' title='bbox 406 1417 492 1460; x_wconf 90' lang='lat' dir='ltr'>habere,</span> <span class='ocrx_word' id='word_1_163' title='bbox 504 1420 610 1454; x_wconf 83' lang='lat' dir='ltr'>attamen</span> <span class='ocrx_word' id='word_1_164' title='bbox 624 1426 742 1460; x_wconf 81' lang='lat' dir='ltr'>congruum</span> <span class='ocrx_word' id='word_1_165' title='bbox 754 1417 782 1454; x_wconf 92' lang='lat' dir='ltr'>sit</span> <span class='ocrx_word' id='word_1_166' title='bbox 795 1416 846 1453; x_wconf 86' lang='lat' dir='ltr'>dare</span> 
     </span>
     <span class='ocr_line' id='line_1_20' title="bbox 21 1488 846 1534; baseline 0 -10"><span class='ocrx_word' id='word_1_167' title='bbox 21 1488 109 1532; x_wconf 89' lang='lat' dir='ltr'>aliquod</span> <span class='ocrx_word' id='word_1_168' title='bbox 123 1488 253 1534; x_wconf 88' lang='lat' dir='ltr'>praemium;</span> <span class='ocrx_word' id='word_1_169' title='bbox 268 1500 285 1526; x_wconf 88' lang='lat' dir='ltr'>e.</span> <span class='ocrx_word' id='word_1_170' title='bbox 299 1498 318 1532; x_wconf 80' lang='lat' dir='ltr'>g.</span> <span class='ocrx_word' id='word_1_171' title='bbox 330 1488 349 1525; x_wconf 91' lang='lat' dir='ltr'>si</span> <span class='ocrx_word' id='word_1_172' title='bbox 363 1489 412 1533; x_wconf 91' lang='lat' dir='ltr'>quis</span> <span class='ocrx_word' id='word_1_173' title='bbox 424 1499 479 1532; x_wconf 89' lang='lat' dir='ltr'>opus</span> <span class='ocrx_word' id='word_1_174' title='bbox 492 1489 516 1525; x_wconf 90' lang='lat' dir='ltr'>in</span> <span class='ocrx_word' id='word_1_175' title='bbox 530 1488 657 1532; x_wconf 89' lang='lat' dir='ltr'>obsequium</span> <span class='ocrx_word' id='word_1_176' title='bbox 671 1488 761 1526; x_wconf 91' lang='lat' dir='ltr'>alterius</span> <span class='ocrx_word' id='word_1_177' title='bbox 774 1489 846 1525; x_wconf 88' lang='lat' dir='ltr'>facere</span> 
     </span>
     <span class='ocr_line' id='line_1_21' title="bbox 22 1560 848 1604; baseline 0.001 -8"><span class='ocrx_word' id='word_1_178' title='bbox 22 1562 112 1597; x_wconf 88' lang='lat' dir='ltr'>conatus</span> <span class='ocrx_word' id='word_1_179' title='bbox 125 1563 163 1604; x_wconf 82' lang='lat' dir='ltr'>est,</span> <span class='ocrx_word' id='word_1_180' title='bbox 176 1560 214 1597; x_wconf 90' lang='lat' dir='ltr'>sed</span> <span class='ocrx_word' id='word_1_181' title='bbox 226 1561 273 1598; x_wconf 94' lang='lat' dir='ltr'>sine</span> <span class='ocrx_word' id='word_1_182' title='bbox 286 1560 350 1603; x_wconf 89' lang='lat' dir='ltr'>culpa</span> <span class='ocrx_word' id='word_1_183' title='bbox 361 1560 389 1598; x_wconf 94' lang='lat' dir='ltr'>ob</span> <span class='ocrx_word' id='word_1_184' title='bbox 404 1560 512 1598; x_wconf 89' lang='lat' dir='ltr'>deiectum</span> <span class='ocrx_word' id='word_1_185' title='bbox 525 1560 605 1597; x_wconf 88' lang='lat' dir='ltr'>virium</span> <span class='ocrx_word' id='word_1_186' title='bbox 618 1561 651 1598; x_wconf 91' lang='lat' dir='ltr'>vel</span> <span class='ocrx_word' id='word_1_187' title='bbox 664 1560 691 1598; x_wconf 90' lang='lat' dir='ltr'>ob</span> <span class='ocrx_word' id='word_1_188' title='bbox 703 1560 769 1597; x_wconf 90' lang='lat' dir='ltr'>aliam</span> <span class='ocrx_word' id='word_1_189' title='bbox 783 1560 848 1597; x_wconf 88' lang='lat' dir='ltr'>ratio-</span> 
     </span>
     <span class='ocr_line' id='line_1_22' title="bbox 22 1631 847 1676; baseline 0.001 -9"><span class='ocrx_word' id='word_1_190' title='bbox 22 1642 72 1668; x_wconf 94' lang='lat' dir='ltr'>nem</span> <span class='ocrx_word' id='word_1_191' title='bbox 89 1642 144 1675; x_wconf 91' lang='lat' dir='ltr'>opus</span> <span class='ocrx_word' id='word_1_192' title='bbox 160 1631 292 1675; x_wconf 84' lang='lat' dir='ltr'>condignum</span> <span class='ocrx_word' id='word_1_193' title='bbox 310 1631 414 1675; x_wconf 89' lang='lat' dir='ltr'>perficere</span> <span class='ocrx_word' id='word_1_194' title='bbox 432 1642 476 1669; x_wconf 88' lang='lat' dir='ltr'>non</span> <span class='ocrx_word' id='word_1_195' title='bbox 493 1632 570 1676; x_wconf 92' lang='lat' dir='ltr'>potuit.</span> <span class='ocrx_word' id='word_1_196' title='bbox 589 1631 679 1670; x_wconf 87' lang='lat' dir='ltr'>Collatio</span> <span class='ocrx_word' id='word_1_197' title='bbox 697 1632 790 1676; x_wconf 88' lang='lat' dir='ltr'>praemii</span> <span class='ocrx_word' id='word_1_198' title='bbox 807 1643 847 1676; x_wconf 90' lang='lat' dir='ltr'>pro</span> 
     </span>
     <span class='ocr_line' id='line_1_23' title="bbox 21 1703 846 1747; baseline 0 -8"><span class='ocrx_word' id='word_1_199' title='bbox 21 1703 98 1740; x_wconf 87' lang='lat' dir='ltr'>merito</span> <span class='ocrx_word' id='word_1_200' title='bbox 113 1704 139 1740; x_wconf 92' lang='lat' dir='ltr'>de</span> <span class='ocrx_word' id='word_1_201' title='bbox 152 1713 247 1747; x_wconf 82' lang='lat' dir='ltr'>congruo</span> <span class='ocrx_word' id='word_1_202' title='bbox 261 1714 305 1741; x_wconf 92' lang='lat' dir='ltr'>non</span> <span class='ocrx_word' id='word_1_203' title='bbox 319 1703 419 1747; x_wconf 84' lang='lat' dir='ltr'>procedit</span> <span class='ocrx_word' id='word_1_204' title='bbox 434 1715 460 1741; x_wconf 89' lang='lat' dir='ltr'>ex</span> <span class='ocrx_word' id='word_1_205' title='bbox 473 1704 563 1747; x_wconf 84' lang='lat' dir='ltr'>iustitia,</span> <span class='ocrx_word' id='word_1_206' title='bbox 578 1703 615 1740; x_wconf 93' lang='lat' dir='ltr'>sed</span> <span class='ocrx_word' id='word_1_207' title='bbox 629 1715 654 1741; x_wconf 88' lang='lat' dir='ltr'>ex</span> <span class='ocrx_word' id='word_1_208' title='bbox 668 1703 798 1741; x_wconf 89' lang='lat' dir='ltr'>liberalitate</span> <span class='ocrx_word' id='word_1_209' title='bbox 812 1704 846 1740; x_wconf 92' lang='lat' dir='ltr'>vel</span> 
     </span>
     <span class='ocr_line' id='line_1_24' title="bbox 21 1759 846 1819; baseline 0.001 -8"><span class='ocrx_word' id='word_1_210' title='bbox 21 1759 179 1812; x_wconf 84' lang='lat' dir='ltr'>misericordia.</span> <span class='ocrx_word' id='word_1_211' title='bbox 191 1774 290 1812; x_wconf 88' lang='lat' dir='ltr'>Meritum</span> <span class='ocrx_word' id='word_1_212' title='bbox 302 1775 328 1812; x_wconf 94' lang='lat' dir='ltr'>de</span> <span class='ocrx_word' id='word_1_213' title='bbox 341 1785 443 1819; x_wconf 85' lang='lat' dir='ltr'>congruo,</span> <span class='ocrx_word' id='word_1_214' title='bbox 454 1775 473 1812; x_wconf 91' lang='lat' dir='ltr'>si</span> <span class='ocrx_word' id='word_1_215' title='bbox 485 1786 591 1813; x_wconf 87' lang='lat' dir='ltr'>annexam</span> <span class='ocrx_word' id='word_1_216' title='bbox 603 1775 668 1813; x_wconf 90' lang='lat' dir='ltr'>habet</span> <span class='ocrx_word' id='word_1_217' title='bbox 678 1775 846 1819; x_wconf 88' lang='lat' dir='ltr'>promissionem</span> 
     </span>
     <span class='ocr_line' id='line_1_25' title="bbox 21 1846 848 1896; baseline 0.001 -13"><span class='ocrx_word' id='word_1_218' title='bbox 21 1846 61 1883; x_wconf 92' lang='lat' dir='ltr'>Dei</span> <span class='ocrx_word' id='word_1_219' title='bbox 76 1846 102 1883; x_wconf 93' lang='lat' dir='ltr'>de</span> <span class='ocrx_word' id='word_1_220' title='bbox 116 1846 229 1896; x_wconf 86' lang='lat' dir='ltr'>red-dendo</span> <span class='ocrx_word' id='word_1_221' title='bbox 242 1847 346 1891; x_wconf 85' lang='lat' dir='ltr'>praemio,</span> <span class='ocrx_word' id='word_1_222' title='bbox 360 1850 392 1884; x_wconf 91' lang='lat' dir='ltr'>est</span> <span class='ocrx_word' id='word_1_223' title='bbox 403 1847 420 1890; x_wconf 71' lang='lat' dir='ltr'>‚i</span> <span class='ocrx_word' id='word_1_224' title='bbox 428 1857 442 1883; x_wconf 95' lang='lat' dir='ltr'>n</span> <span class='ocrx_word' id='word_1_225' title='bbox 450 1847 595 1884; x_wconf 83' lang='lat' dir='ltr'>lallibile</span> <span class='ocrx_word' id='word_1_226' title='bbox 606 1858 611 1892; x_wconf 89' lang='lat'>;</span> <span class='ocrx_word' id='word_1_227' title='bbox 632 1858 693 1884; x_wconf 91' lang='lat' dir='ltr'>secus</span> <span class='ocrx_word' id='word_1_228' title='bbox 708 1850 739 1884; x_wconf 93' lang='lat' dir='ltr'>est</span> <span class='ocrx_word' id='word_1_229' title='bbox 760 1848 770 1884; x_wconf 83' lang='lat' dir='ltr'><strong>f</strong></span> <span class='ocrx_word' id='word_1_230' title='bbox 777 1847 848 1884; x_wconf 86' lang='lat' dir='ltr'>alli·</span> 
     </span>
    </p>
   </div>
   <div class='ocr_carea' id='block_1_3' title="bbox 22 1917 848 2027">
    <p class='ocr_par' dir='ltr' id='par_1_6' title="bbox 22 1917 848 2027">
     <span class='ocr_line' id='line_1_26' title="bbox 22 1917 848 1962; baseline 0.002 -8"><span class='ocrx_word' id='word_1_231' title='bbox 22 1917 99 1955; x_wconf 89' lang='lat' dir='ltr'>bile.</span> <span class='ocrx_word' id='word_1_232' title='bbox 121 1918 220 1955; x_wconf 84' lang='lat' dir='ltr'>Meritum</span> <span class='ocrx_word' id='word_1_233' title='bbox 236 1919 262 1956; x_wconf 92' lang='lat' dir='ltr'>de</span> <span class='ocrx_word' id='word_1_234' title='bbox 279 1928 374 1962; x_wconf 82' lang='lat' dir='ltr'>congruo</span> <span class='ocrx_word' id='word_1_235' title='bbox 390 1930 434 1956; x_wconf 94' lang='lat' dir='ltr'>non</span> <span class='ocrx_word' id='word_1_236' title='bbox 452 1922 483 1956; x_wconf 91' lang='lat' dir='ltr'>est</span> <span class='ocrx_word' id='word_1_237' title='bbox 498 1919 599 1956; x_wconf 92' lang='lat' dir='ltr'>meritum</span> <span class='ocrx_word' id='word_1_238' title='bbox 615 1930 679 1956; x_wconf 90' lang='lat' dir='ltr'>sensu</span> <span class='ocrx_word' id='word_1_239' title='bbox 695 1920 792 1962; x_wconf 89' lang='lat' dir='ltr'>proprio,</span> <span class='ocrx_word' id='word_1_240' title='bbox 810 1919 848 1956; x_wconf 93' lang='lat' dir='ltr'>sed</span> 
     </span>
     <span class='ocr_line' id='line_1_27' title="bbox 22 1989 283 2027; baseline 0.008 -2"><span class='ocrx_word' id='word_1_241' title='bbox 22 1989 123 2026; x_wconf 90' lang='lat' dir='ltr'>meritum</span> <span class='ocrx_word' id='word_1_242' title='bbox 136 1991 178 2027; x_wconf 87' lang='lat' dir='ltr'>late</span> <span class='ocrx_word' id='word_1_243' title='bbox 195 1990 283 2027; x_wconf 91' lang='lat' dir='ltr'>dictum.</span> 
     </span>
    </p>
   </div>
   <div class='ocr_carea' id='block_1_4' title="bbox 23 2061 849 2322">
    <p class='ocr_par' dir='ltr' id='par_1_7' title="bbox 23 2061 849 2322">
     <span class='ocr_line' id='line_1_28' title="bbox 75 2061 848 2106; baseline 0.004 -9"><span class='ocrx_word' id='word_1_244' title='bbox 75 2061 268 2105; x_wconf 89' lang='lat' dir='ltr'>Dispositio,</span> <span class='ocrx_word' id='word_1_245' title='bbox 288 2072 343 2106; x_wconf 90' lang='lat' dir='ltr'>quae</span> <span class='ocrx_word' id='word_1_246' title='bbox 358 2062 478 2100; x_wconf 89' lang='lat' dir='ltr'>secundum</span> <span class='ocrx_word' id='word_1_247' title='bbox 491 2062 634 2106; x_wconf 89' lang='lat' dir='ltr'>philosophos</span> <span class='ocrx_word' id='word_1_248' title='bbox 650 2063 677 2099; x_wconf 92' lang='lat' dir='ltr'>ad</span> <span class='ocrx_word' id='word_1_249' title='bbox 692 2062 786 2106; x_wconf 89' lang='lat' dir='ltr'>primam</span> <span class='ocrx_word' id='word_1_250' title='bbox 802 2074 848 2106; x_wconf 88' lang='lat' dir='ltr'>spe-</span> 
     </span>
     <span class='ocr_line' id='line_1_29' title="bbox 23 2132 848 2179; baseline 0.004 -10"><span class='ocrx_word' id='word_1_251' title='bbox 23 2132 78 2169; x_wconf 92' lang='lat' dir='ltr'>ciem</span> <span class='ocrx_word' id='word_1_252' title='bbox 91 2132 201 2176; x_wconf 83' lang='lat' dir='ltr'>qualitatis</span> <span class='ocrx_word' id='word_1_253' title='bbox 214 2134 315 2177; x_wconf 87' lang='lat' dir='ltr'>pertinet,</span> <span class='ocrx_word' id='word_1_254' title='bbox 328 2136 350 2170; x_wconf 91' lang='lat' dir='ltr'>et</span> <span class='ocrx_word' id='word_1_255' title='bbox 362 2145 416 2178; x_wconf 93' lang='lat' dir='ltr'>quae</span> <span class='ocrx_word' id='word_1_256' title='bbox 430 2133 457 2171; x_wconf 93' lang='lat' dir='ltr'>ab</span> <span class='ocrx_word' id='word_1_257' title='bbox 471 2134 498 2171; x_wconf 87' lang='lat' dir='ltr'>iis</span> <span class='ocrx_word' id='word_1_258' title='bbox 513 2134 573 2171; x_wconf 86' lang='lat' dir='ltr'>vario</span> <span class='ocrx_word' id='word_1_259' title='bbox 586 2134 651 2172; x_wconf 91' lang='lat' dir='ltr'>modo</span> <span class='ocrx_word' id='word_1_260' title='bbox 665 2134 800 2179; x_wconf 84' lang='lat' dir='ltr'>intelligitur,</span> <span class='ocrx_word' id='word_1_261' title='bbox 815 2146 848 2172; x_wconf 90' lang='lat' dir='ltr'>ac·</span> 
     </span>
     <span class='ocr_line' id='line_1_30' title="bbox 23 2203 849 2251; baseline 0.002 -10"><span class='ocrx_word' id='word_1_262' title='bbox 23 2203 68 2247; x_wconf 89' lang='lat' dir='ltr'>cipi</span> <span class='ocrx_word' id='word_1_263' title='bbox 82 2208 153 2247; x_wconf 91' lang='lat' dir='ltr'>potest</span> <span class='ocrx_word' id='word_1_264' title='bbox 167 2215 207 2248; x_wconf 92' lang='lat' dir='ltr'>pro</span> <span class='ocrx_word' id='word_1_265' title='bbox 220 2205 317 2249; x_wconf 90' lang='lat' dir='ltr'>quolibet</span> <span class='ocrx_word' id='word_1_266' title='bbox 331 2206 450 2251; x_wconf 87' lang='lat' dir='ltr'>accidente,</span> <span class='ocrx_word' id='word_1_267' title='bbox 464 2207 522 2249; x_wconf 89' lang='lat' dir='ltr'>quod</span> <span class='ocrx_word' id='word_1_268' title='bbox 537 2206 657 2243; x_wconf 90' lang='lat' dir='ltr'>subiectum</span> <span class='ocrx_word' id='word_1_269' title='bbox 672 2207 699 2243; x_wconf 89' lang='lat' dir='ltr'>ad</span> <span class='ocrx_word' id='word_1_270' title='bbox 713 2207 773 2244; x_wconf 90' lang='lat' dir='ltr'>aliud</span> <span class='ocrx_word' id='word_1_271' title='bbox 788 2218 849 2250; x_wconf 89' lang='lat' dir='ltr'>prae-</span> 
     </span>
     <span class='ocr_line' id='line_1_31' title="bbox 23 2277 849 2322; baseline 0.005 -11"><span class='ocrx_word' id='word_1_272' title='bbox 23 2279 91 2319; x_wconf 89' lang='lat' dir='ltr'>parat,</span> <span class='ocrx_word' id='word_1_273' title='bbox 107 2277 156 2313; x_wconf 78' lang='lat' dir='ltr'>sive·</span> <span class='ocrx_word' id='word_1_274' title='bbox 168 2287 208 2320; x_wconf 92' lang='lat' dir='ltr'>pro</span> <span class='ocrx_word' id='word_1_275' title='bbox 222 2277 325 2320; x_wconf 90' lang='lat' dir='ltr'>qualitate</span> <span class='ocrx_word' id='word_1_276' title='bbox 341 2288 382 2321; x_wconf 88' lang='lat' dir='ltr'>qua</span> <span class='ocrx_word' id='word_1_277' title='bbox 399 2277 518 2314; x_wconf 88' lang='lat' dir='ltr'>subiectum</span> <span class='ocrx_word' id='word_1_278' title='bbox 534 2281 565 2314; x_wconf 86' lang='lat' dir='ltr'>est</span> <span class='ocrx_word' id='word_1_279' title='bbox 581 2280 654 2320; x_wconf 91' lang='lat' dir='ltr'>aptum</span> <span class='ocrx_word' id='word_1_280' title='bbox 671 2278 698 2315; x_wconf 93' lang='lat' dir='ltr'>ad</span> <span class='ocrx_word' id='word_1_281' title='bbox 716 2278 805 2322; x_wconf 88' lang='lat' dir='ltr'>aliquid,</span> <span class='ocrx_word' id='word_1_282' title='bbox 822 2279 849 2315; x_wconf 91' lang='lat' dir='ltr'>ad</span> 
     </span>
    </p>
   </div>
   <div class='ocr_carea' id='block_1_5' title="bbox 23 2426 850 2765">
    <p class='ocr_par' dir='ltr' id='par_1_8' title="bbox 23 2426 850 2765">
     <span class='ocr_line' id='line_1_32' title="bbox 23 2426 850 2466; baseline 0.001 -8"><span class='ocrx_word' id='word_1_283' title='bbox 23 2426 122 2465; x_wconf 89' lang='lat' dir='ltr'>portionis</span> <span class='ocrx_word' id='word_1_284' title='bbox 142 2426 253 2465; x_wconf 81' lang='lat' dir='ltr'>aequalitas</span> <span class='ocrx_word' id='word_1_285' title='bbox 272 2427 374 2459; x_wconf 82' lang='lat' dir='ltr'>invenitur</span> <span class='ocrx_word' id='word_1_286' title='bbox 393 2428 445 2459; x_wconf 89' lang='lat' dir='ltr'>inter</span> <span class='ocrx_word' id='word_1_287' title='bbox 464 2427 526 2460; x_wconf 90' lang='lat' dir='ltr'>Deum</span> <span class='ocrx_word' id='word_1_288' title='bbox 545 2426 689 2466; x_wconf 88' lang='lat' dir='ltr'>praemiantem</span> <span class='ocrx_word' id='word_1_289' title='bbox 710 2430 729 2460; x_wconf 89' lang='lat' dir='ltr'>et</span> <span class='ocrx_word' id='word_1_290' title='bbox 748 2427 850 2460; x_wconf 89' lang='lat' dir='ltr'>hominem</span> 
     </span>
     <span class='ocr_line' id='line_1_33' title="bbox 23 2487 849 2527; baseline 0.001 -9"><span class='ocrx_word' id='word_1_291' title='bbox 23 2488 140 2525; x_wconf 68' lang='lat' dir='ltr'>merentem</span> <span class='ocrx_word' id='word_1_292' title='bbox 158 2487 205 2518; x_wconf 89' lang='lat' dir='ltr'>dnm</span> <span class='ocrx_word' id='word_1_293' title='bbox 219 2488 286 2519; x_wconf 85' lang='lat' dir='ltr'>tamen</span> <span class='ocrx_word' id='word_1_294' title='bbox 302 2488 413 2526; x_wconf 90' lang='lat' dir='ltr'>praemium</span> <span class='ocrx_word' id='word_1_295' title='bbox 429 2487 527 2520; x_wconf 83' lang='lat' dir='ltr'>referatur</span> <span class='ocrx_word' id='word_1_296' title='bbox 542 2487 566 2520; x_wconf 89' lang='lat' dir='ltr'>ad</span> <span class='ocrx_word' id='word_1_297' title='bbox 581 2487 634 2520; x_wconf 89' lang='lat' dir='ltr'>idem</span> <span class='ocrx_word' id='word_1_298' title='bbox 650 2495 711 2526; x_wconf 83' lang='lat' dir='ltr'>genus</span> <span class='ocrx_word' id='word_1_299' title='bbox 728 2488 748 2519; x_wconf 91' lang='lat' dir='ltr'>in</span> <span class='ocrx_word' id='word_1_300' title='bbox 764 2498 803 2527; x_wconf 91' lang='lat' dir='ltr'>quo</span> <span class='ocrx_word' id='word_1_301' title='bbox 820 2491 849 2520; x_wconf 91' lang='lat' dir='ltr'>est</span> 
     </span>
     <span class='ocr_line' id='line_1_34' title="bbox 24 2545 850 2587; baseline 0.002 -9"><span class='ocrx_word' id='word_1_302' title='bbox 24 2546 126 2585; x_wconf 69' lang='lat' dir='ltr'>meritum</span> <span class='ocrx_word' id='word_1_303' title='bbox 143 2549 166 2579; x_wconf 91' lang='lat' dir='ltr'>ut</span> <span class='ocrx_word' id='word_1_304' title='bbox 182 2547 199 2579; x_wconf 92' lang='lat' dir='ltr'>si</span> <span class='ocrx_word' id='word_1_305' title='bbox 212 2547 323 2586; x_wconf 89' lang='lat' dir='ltr'>praemium</span> <span class='ocrx_word' id='word_1_306' title='bbox 338 2550 367 2580; x_wconf 89' lang='lat' dir='ltr'>est</span> <span class='ocrx_word' id='word_1_307' title='bbox 382 2547 435 2587; x_wconf 88' lang='lat' dir='ltr'>quod</span> <span class='ocrx_word' id='word_1_308' title='bbox 450 2557 528 2580; x_wconf 88' lang='lat' dir='ltr'>omnem</span> <span class='ocrx_word' id='word_1_309' title='bbox 543 2547 661 2580; x_wconf 82' lang='lat' dir='ltr'>facultatem</span> <span class='ocrx_word' id='word_1_310' title='bbox 676 2545 776 2581; x_wconf 87' lang='lat' dir='ltr'>humanae</span> <span class='ocrx_word' id='word_1_311' title='bbox 792 2551 850 2580; x_wconf 87' lang='lat' dir='ltr'>natu-</span> 
     </span>
     <span class='ocr_line' id='line_1_35' title="bbox 25 2607 850 2647; baseline 0.004 -9"><span class='ocrx_word' id='word_1_312' title='bbox 25 2615 58 2639; x_wconf 90' lang='lat' dir='ltr'>rae</span> <span class='ocrx_word' id='word_1_313' title='bbox 73 2607 154 2646; x_wconf 83' lang='lat' dir='ltr'>excedit,</span> <span class='ocrx_word' id='word_1_314' title='bbox 170 2607 221 2639; x_wconf 91' lang='lat' dir='ltr'>sicut</span> <span class='ocrx_word' id='word_1_315' title='bbox 236 2608 278 2640; x_wconf 85' lang='lat' dir='ltr'>vita</span> <span class='ocrx_word' id='word_1_316' title='bbox 294 2609 379 2647; x_wconf 83' lang='lat' dir='ltr'>aeterna,</span> <span class='ocrx_word' id='word_1_317' title='bbox 394 2607 488 2640; x_wconf 88' lang='lat' dir='ltr'>meritum</span> <span class='ocrx_word' id='word_1_318' title='bbox 504 2608 565 2640; x_wconf 83' lang='lat' dir='ltr'>etiarn</span> <span class='ocrx_word' id='word_1_319' title='bbox 579 2608 606 2640; x_wconf 89' lang='lat' dir='ltr'>sit</span> <span class='ocrx_word' id='word_1_320' title='bbox 621 2617 656 2647; x_wconf 90' lang='lat' dir='ltr'>per</span> <span class='ocrx_word' id='word_1_321' title='bbox 670 2608 732 2641; x_wconf 89' lang='lat' dir='ltr'>talem</span> <span class='ocrx_word' id='word_1_322' title='bbox 749 2611 814 2641; x_wconf 89' lang='lat' dir='ltr'>actum</span> <span class='ocrx_word' id='word_1_323' title='bbox 829 2609 850 2640; x_wconf 90' lang='lat' dir='ltr'>in</span> 
     </span>
     <span class='ocr_line' id='line_1_36' title="bbox 25 2667 850 2707; baseline 0.004 -9"><span class='ocrx_word' id='word_1_324' title='bbox 25 2676 64 2705; x_wconf 89' lang='lat' dir='ltr'>quo</span> <span class='ocrx_word' id='word_1_325' title='bbox 80 2667 178 2705; x_wconf 82' lang='lat' dir='ltr'>refulgeat</span> <span class='ocrx_word' id='word_1_326' title='bbox 194 2667 268 2699; x_wconf 90' lang='lat' dir='ltr'>bonnm</span> <span class='ocrx_word' id='word_1_327' title='bbox 284 2667 340 2699; x_wconf 89' lang='lat' dir='ltr'>illius</span> <span class='ocrx_word' id='word_1_328' title='bbox 357 2667 438 2700; x_wconf 89' lang='lat' dir='ltr'>habitus</span> <span class='ocrx_word' id='word_1_329' title='bbox 456 2667 490 2706; x_wconf 92' lang='lat' dir='ltr'>qui</span> <span class='ocrx_word' id='word_1_330' title='bbox 508 2668 604 2700; x_wconf 85' lang='lat' dir='ltr'>divinitus</span> <span class='ocrx_word' id='word_1_331' title='bbox 621 2668 741 2707; x_wconf 86' lang='lat' dir='ltr'>infunditur,</span> <span class='ocrx_word' id='word_1_332' title='bbox 757 2669 797 2701; x_wconf 90' lang='lat' dir='ltr'>Deo</span> <span class='ocrx_word' id='word_1_333' title='bbox 814 2678 850 2701; x_wconf 88' lang='lat' dir='ltr'>nos</span> 
     </span>
     <span class='ocr_line' id='line_1_37' title="bbox 24 2727 265 2765; baseline 0.004 -7"><span class='ocrx_word' id='word_1_334' title='bbox 24 2727 166 2765; x_wconf 82' lang='lat' dir='ltr'>consignans».</span> <span class='ocrx_word' id='word_1_335' title='bbox 185 2727 265 2759; x_wconf 87' lang='lat' dir='ltr'>Ibidem.</span> 
     </span>
    </p>
   </div>
   <div class='ocr_carea' id='block_1_6' title="bbox 0 0 988 3093">
    <p class='ocr_par' dir='ltr' id='par_1_9' title="bbox 0 0 988 3093">
     <span class='ocr_line' id='line_1_38' title="bbox 0 0 988 3093; baseline 0 0"><span class='ocrx_word' id='word_1_336' title='bbox 0 0 988 3093; x_wconf 95' lang='lat' dir='ltr'> </span> 
     </span>
    </p>
   </div>
  </div>
 </body>
</html>
