1952 3093
41 120 70 158 tia
85 119 223 157 sanctificans
236 118 300 157 etiam
314 119 394 157 veteris
407 119 531 157 testamenti
544 121 590 157 erat
604 118 694 157 effectus
708 118 870 164 quodammodo

41 195 213 238 praeoccupatus
229 192 305 230 mortis
321 191 408 238 Christi,
425 194 513 230 eatenus
529 191 600 230 omnis
616 190 759 230 sanctificatio
775 191 871 236 pertinet

42 266 70 304 ad
82 275 162 303 novum
176 268 337 310 testamentum
351 267 371 302 et
384 265 436 310 quia
449 263 591 302 sanctificatio
607 268 638 302 est
652 264 790 309 inhabitatio,
805 264 870 303 etiam

42 340 96 376 haec
109 341 142 376 est
156 338 279 382 proprietas
295 348 363 375 novae
379 337 439 381 legis,
455 347 499 375 non
514 336 654 376 oeconomiae
670 331 791 376 sinaiticae.
808 337 829 381 b)
845 337 870 374 In

42 413 114 449 vetere
125 414 252 449 testamento
263 411 332 455 gratia
343 421 387 448 non
398 409 457 448 tanta
468 410 567 454 largitate
579 409 676 454 dabatur,
686 413 767 456 quauta
778 410 801 447 in
813 420 870 453 novo

43 486 191 522 testamento...
202 483 221 526 c)
232 483 354 529 Numquam
366 486 415 521 ante
426 483 484 521 diem
495 483 633 521 Pentecostes
643 483 722 523 missus
732 487 765 521 est
776 482 871 528 Spiritus

44 558 134 595 Sanctus
149 568 199 595 cum
212 559 272 596 lanto
289 558 395 601 apparatu
410 556 521 600 signorum
538 558 676 594 externorum
692 558 712 594 et
726 556 871 594 maximorum

40 629 268 668 miraculorum...»⁷⁸.
290 628 425 673 singularem
445 628 575 666 sententiam
595 628 710 673 proposuit
729 627 748 667 J.
769 628 795 666 H.
817 628 868 667 Os·

43 702 133 746 wald,
152 702 260 740 affirmans
270 701 434 740 substantialem
445 701 627 739 inhabitationem
637 701 731 745 Spiritus
743 692 816 739 Sancti
826 711 870 739 non

43 775 119 813 haberi
131 775 175 812 nisi
187 786 227 819 per
240 774 437 818 Confirmationem‚
451 785 490 819 per
501 774 636 818 Baptismum
645 774 719 815 solum
732 773 871 812 inhabitatio-

44 859 92 885 nem
106 848 297 892 dynamicamsw.
665 830 667 833 ¹

94 926 125 963 Dc
137 925 262 971 quaestione
275 926 338 963 valde
352 925 442 969 difficili,
456 925 564 969 quomodo
578 924 708 962 inhabitatio
721 923 761 962 Dei
774 924 798 961 in
811 924 869 962 iusto

45 998 174 1043 explicanda
190 1002 210 1036 et
224 998 370 1042 concipienda
385 999 419 1042 sit,
432 998 505 1036 variae
520 1001 570 1035 sunt
584 998 734 1042 theologorum
749 997 875 1042 opiniones.»

43 1070 128 1115 Optime
140 1073 200 1108 notat
213 1070 300 1114 Galtien
313 1071 337 1107 in
348 1070 463 1108 tractanda
474 1070 516 1107 hac
528 1081 551 1107 re
565 1070 591 1107 ab
604 1069 632 1106 iis
645 1069 809 1114 procedendum
823 1079 869 1107 esse

46 1148 65 1181 et
76 1144 114 1181 illa
123 1155 163 1188 pro
176 1143 317 1181 fundamento
327 1143 434 1188 habenda,
447 1154 501 1188 quae
513 1143 584 1181 tontes
596 1142 689 1187 positive
702 1143 797 1180 tradunt.
809 1142 872 1180 Prae-

45 1220 102 1254 terea
113 1216 225 1261 disputant
232 1216 327 1260 theologi
338 1217 363 1254 de
374 1216 478 1254 relatione
488 1216 545 1254 inter
553 1216 645 1260 gratiam
655 1218 750 1253 creatam
759 1219 780 1253 et
789 1216 872 1252 increa-

46 1293 94 1333 tam,
106 1292 127 1327 et
137 1289 190 1334 quid
200 1290 223 1326 in
233 1288 386 1327 iustificatione
397 1292 488 1332 creatae,
499 1289 552 1333 quid
563 1289 672 1326 increatae
684 1288 765 1332 gratiae
777 1288 872 1325 tribuen-

46 1362 96 1399 dum
110 1362 143 1399 sit.
156 1361 240 1399 Dehac
254 1365 324 1398 autern
337 1361 462 1406 quaestione
476 1361 499 1397 in
513 1361 577 1398 tertia
591 1361 687 1399 sectione
702 1360 819 1398 dicendum
833 1363 871 1398 est,

46 1486 189 1493 ---—-----
213 1488 215 1493 v

93 1580 110 1602 ⁷8
123 1576 189 1617 resch,
203 1579 251 1610 torn.
265 1577 282 1616 2,
296 1587 325 1609 nr.
340 1576 380 1610 690.

93 1640 110 1662 tt
123 1638 150 1669 De
166 1637 203 1670 hac
221 1638 320 1671 sententia
335 1637 404 1671 scribit
420 1637 515 1677 Umberg:
535 1639 705 1674 «Confirmatione
720 1642 822 1675 confertur
839 1645 877 1675 aut>>

46 1698 109 1736 prima
123 1699 157 1730 ani
171 1698 257 1731 secunda
269 1698 354 1737 Spiritus
369 1698 435 1732 Sancti
448 1698 531 1739 infusio,
545 1700 612 1740 prouti
626 1701 728 1740 Baptismo
742 1701 824 1735 debetur
839 1706 873 1736 aut

47 1758 151 1797 dynamica
165 1761 245 1792 tantum
259 1762 293 1792 aut
308 1760 369 1792 etiam
385 1759 476 1793 formalis
494 1760 535 1799 (vel
550 1760 697 1799 substantialis)
715 1762 800 1801 Spiritus
816 1757 874 1796 inha-

46 1818 124 1869 bitatio.
138 1819 240 1859 Baptismo
254 1820 340 1853 conferri
357 1819 482 1860 dynamicam
498 1823 577 1855 tantum
592 1822 627 1854 Dei
644 1821 817 1862 inhabitationem,
830 1809 874 1863 vqua

47 1879 160 1920 baptizatus
178 1879 274 1920 Spiritum
290 1880 364 1915 Christi
382 1880 478 1915 ’habere’
496 1881 573 1916 dicatur
592 1882 651 1920 (Rom
669 1883 685 1923 8,
702 1883 728 1922 9),
746 1885 763 1916 si
781 1887 803 1917 ut
821 1884 874 1918 filins

47 1941 81 1974 Dei
95 1941 200 1982 adoptivus
214 1941 289 1981 Spiritu
302 1942 337 1975 Dei
352 1940 445 1988 ’agatur’
461 1942 521 1982 (Rom
533 1943 550 1983 8,
563 1943 601 1983 14),
615 1943 709 1984 opinatur
722 1945 739 1978 J.
752 1945 775 1978 Η.
789 1945 873 1985 Oswald,

47 2002 82 2035 Die
99 2002 233 2042 dogmatische
248 2002 309 2037 Lehre
325 2013 363 2037 von
382 2004 418 2037 den
436 2004 577 2038 Sakramenten
596 2006 629 2038 der
645 2005 699 2039 nath.
718 2005 794 2040 Kirche.
811 2007 845 2040 Ed.
864 2008 874 2039 5

48 2063 162 2097 Monasierii
175 2064 226 2104 1894,
238 2064 272 2098 353
285 2075 319 2104 sq„
332 2066 389 2105 eique
401 2065 505 2105 applaudit
517 2066 549 2099 Dr.
563 2066 610 2099 Karl
623 2066 690 2107 Adam,
702 2066 769 2101 Theol.
783 2068 875 2108 Quartal-

48 2124 119 2157 schrift
133 2124 253 2164 (Tiibingen)
265 2125 298 2158 101
315 2125 378 2164 (1920)
393 2126 437 2159 408:
451 2125 488 2160 hac
501 2127 555 2160 ducti
566 2113 643 2160 ratione
656 2128 710 2168 quod
721 2129 751 2162 ita
764 2138 812 2162 suus
826 2130 875 2162 Con-

47 2184 154 2219 firmationi
167 2186 248 2219 effecius
261 2187 354 2226 proprius
370 2198 381 2220 a
396 2188 493 2227 Baptismi
507 2188 612 2221 distinctus
628 2188 701 2222 clarius
718 2189 835 2229 assignetur.
850 2191 875 2223 Et

49 2244 114 2279 favere
126 2246 205 2279 videtur
216 2246 264 2280 huic
276 2247 366 2287 opinioni
379 2248 450 2281 modus
463 2248 557 2288 loquendi
570 2251 614 2282 tum
626 2249 643 2282 S.
657 2249 775 2289 Scripturae,
788 2253 832 2284 tum
845 2251 876 2284 SS.

49 2305 130 2339 Patrum
143 2307 233 2346 priorum
251 2306 285 2346 (cf.
300 2307 390 2342 Auctoris
407 2318 467 2349 opus:
484 2308 664 2343 Die'Schriitlehre
680 2320 697 2343 v.
714 2310 768 2344 Sakr.
785 2312 819 2343 der
834 2312 876 2344 Fir-

49 2374 109 2405 mnng
120 2377 139 2406 p.
153 2367 358 2406 77-124).F0rma1em
371 2378 417 2403 vero
432 2369 476 2406 (seu
490 2369 651 2408 substantialem)
666 2370 752 2410 Spiritus
765 2371 832 2405 Sancti
845 2372 876 2404 in-

47 2425 193 2461 habitationem
206 2428 247 2462 iam
260 2438 295 2468 per
308 2429 432 2468 Baptismum
445 2430 514 2463 haberi
529 2440 609 2470 esseque
622 2432 749 2465 coniunctam
763 2435 875 2466 cumomni

49 2485 188 2522 iustificatione
206 2488 275 2522 docent
293 2489 323 2523 SS.
341 2489 409 2523 Patres
427 2490 546 2530 posteriores
565 2490 660 2531 (quorum
676 2491 754 2532 primus
770 2492 791 2525 id
809 2495 876 2532 aperte

49 2549 154 2583 enuntians
169 2549 248 2584 videtur
264 2560 306 2584 esse
323 2550 431 2591 Aphraaies
447 2561 462 2584 c.
480 2561 525 2585 ann,
541 2551 582 2591 340,
598 2552 710 2586 Demonstr.
727 2552 788 2592 6,·14.
805 2553 875 2595 Routt,

49 2607 126 2644 Euchir.
141 2611 219 2652 patrist.
235 2622 254 2645 n.
271 2611 313 2650 683)
330 2615 350 2645 et
365 2611 452 2652 theologi
469 2612 624 2646 communiter».
640 2613 794 2649 confirmatione
808 2614 875 2655 Bapti-

50 2678 104 2705 smus
117 2672 222 2713 perficitur.
234 2673 315 2714 Ephem.
330 2673 389 2707 theol.
404 2673 476 2708 Lovan.
490 2674 499 2708 1
517 2674 581 2714 (1924)
597 2674 638 2709 508.
