1952 3093
401 72 523 110 -129-

49 206 72 232 re
86 195 109 231 in
124 193 280 231 assimilatione
294 193 324 230 ad
336 193 405 230 Deum
419 196 443 230 ut
456 195 489 229 est
502 195 595 230 sanctus.
609 193 640 229 De
655 193 713 230 tacto
726 192 780 229 haec
794 191 878 228 assimi-

49 267 101 305 latio
118 266 216 303 habetur.
234 265 256 303 Si
274 265 332 302 enim
349 265 440 302 effectus
458 264 556 302 iomnalis
574 265 655 308 gratiae
672 263 829 302 sanctificantis
846 266 879 300 est

51 338 218 376 communicatio
239 340 328 375 naturae
349 336 443 380 divinae,
463 337 508 374 eius
529 336 639 374 infusione
657 337 722 375 homo
742 348 766 374 eo
786 336 835 380 ipso
854 335 879 371 fit

50 412 118 448 iustus
130 421 155 448 ea
165 409 249 447 iustitia
260 420 315 454 quae
326 409 391 446 unice
403 409 426 445 in
438 409 549 453 praesenti
561 408 638 446 ordine
649 409 751 446 hahetur:
764 409 810 446 Deo
824 408 878 445 eius·

50 493 92 527 que
105 482 211 520 voluntati
225 481 345 519 conformis
359 484 380 519 et
394 481 421 518 ad
434 481 507 525 ipsum
520 480 585 518 finem
599 481 699 518 ultimum
711 480 796 518 visione
809 481 878 524 possi-

52 554 153 600 dendum,
170 554 198 592 ad
212 554 279 591 vitam
295 556 405 591 aeternam
420 553 541 590 ordinatus.
556 552 587 590 Eo
602 552 650 597 ipso
665 564 750 597 qnoque
766 553 878 590 constitui-

51 630 86 664 tur
98 626 163 664 homo
177 628 271 670 sanctus,
283 629 329 663 tum
341 625 393 670 quia
406 627 529 669 segregatur
540 636 553 662 a
563 625 664 669 profano,
675 624 720 662 Deo
734 624 822 669 eiusque
836 625 879 661 cul-

51 699 84 736 tui
102 698 232 742 designatur,
250 700 400 743 consecratum
418 700 464 734 tum
481 698 546 734 etiarn
563 696 615 742 quia
633 697 752 734 secundum
768 697 825 734 hanc
843 707 879 734 na-

52 774 123 807 turam
137 773 158 808 et
172 769 311 807 facultatibus
326 780 375 807 cum
389 769 427 806 illa
442 769 533 813 collatis,
547 768 664 806 virtutibus
678 768 764 814 infusis,
777 779 822 806 non
836 768 879 805 nisi

53 845 126 879 sancte
141 844 250 886 operatur.
265 842 298 879 Ita
314 852 390 879 revera
405 841 498 878 habetur
509 841 642 878 'assimilatio
660 841 688 878 ad
702 841 777 884 Deum,
793 841 831 885 qui
848 843 880 877 θεῖ

53 915 102 958 ipsa
119 914 230 958 sanctitas,
248 916 270 951 et
285 913 340 951 haec
358 913 448 951 omnino
466 913 562 957 pertinet
578 913 606 950 ad
622 913 683 950 illam
699 912 880 950 assimilationem

54 997 103 1023 curn
116 986 168 1029 Deo,
182 996 237 1030 quae
250 985 320 1029 gratia
334 985 452 1022 confertur.
468 985 510 1023 Sed
524 985 547 1021 in
561 985 599 1021 illa
612 995 657 1022 non
670 984 757 1022 videtur
771 984 880 1025 exclusive

54 1057 181 1101 reponenda
199 1057 339 1101 participatio
358 1059 447 1095 naturae
468 1057 561 1100 divinae,
580 1057 619 1094 sed
636 1057 659 1093 in
679 1056 835 1094 assimilatione
853 1057 881 1093 ad

54 1129 262 1167 intellectualitatem
275 1129 379 1173 divinam,
392 1132 495 1172 utsupra
510 1129 592 1167 dictum
606 1131 644 1167 est.
657 1128 684 1166 Et
697 1129 728 1166 ita
741 1129 805 1166 etiam
818 1129 881 1172 longe

55 1201 191 1239 communius
206 1202 302 1245 theologi
318 1212 364 1238 rem
380 1200 514 1244 concipiunt.

108 1357 175 1395 Estne
190 1357 253 1395 etiam
269 1357 359 1402 adoptio
376 1357 452 1395 divina
467 1358 558 1402 effectas
574 1358 674 1402 formalis
688 1357 770 1401 cratiae
784 1356 883 1400 sanctiti-

57 1429 140 1466 caatis‘?
147 1432 175 1455 1³⁹
184 1429 279 1473 Adoptio
290 1430 412 1467 formaliter
422 1429 476 1469 dicit
486 1430 613 1467 relationem
623 1429 741 1467 iuridicam
750 1430 808 1467 inter
817 1429 883 1473 adop-

57 1504 137 1538 tantem
156 1504 176 1538 et
192 1501 327 1546 adoptatum3
346 1501 404 1538 inter
420 1501 521 1539 homines
539 1502 630 1538 eandem
648 1505 748 1538 naturam
765 1501 884 1538 humanam

57 1573 167 1616 supponit,
185 1576 206 1610 et
221 1575 337 1617 propterea
352 1573 375 1610 in
391 1584 416 1611 ea
433 1583 477 1610 non
492 1573 585 1610 hahetur
602 1573 772 1610 communicatio
787 1575 884 1610 naturae.

57 1645 114 1682 Deus
126 1647 196 1682 autem
208 1644 248 1689 ill-i,
261 1655 325 1689 quem
338 1645 384 1682 vult
397 1645 469 1682 facere
481 1644 549 1682 filium
563 1656 625 1682 suum
639 1645 771 1689 adoptivum,
787 1645 884 1682 divinam

58 1727 119 1753 suam
134 1719 233 1754 naturam
249 1716 401 1761 communicat,
415 1717 482 1761 idque
497 1717 627 1762 generando,
641 1718 672 1754 ita
686 1720 710 1754 ut
724 1717 779 1754 haec
794 1717 884 1760 adoptio

59 1788 153 1832 aliquam
169 1788 332 1831 generationem
348 1788 453 1827 includat.
469 1789 537 1827 Sicuti
553 1789 721 1827 communicatio
738 1792 828 1826 naturae
846 1799 886 1832 per

58 1861 220 1903 generationem
236 1860 294 1898 tacta
310 1871 358 1898 eum
374 1861 411 1905 qui
426 1864 542 1905 generatur
556 1860 624 1898 filium
640 1860 763 1905 generantis
780 1860 839 1905 facit,
855 1860 885 1897 ita

59 1931 96 1969 hic
108 1943 193 1976 quoque
208 1932 336 1970 dicendum:
353 1932 550 1970 communicatione
564 1935 654 1971 naturae
668 1933 755 1970 divinae
769 1944 810 1977 per
823 1942 886 1977 gene·

60 2004 166 2041 nationem
179 2015 205 2041 ex
218 2005 263 2042 Deo
276 2004 341 2042 homo
355 2004 495 2042 constituitur
505 2005 546 2042 Dei
557 2004 613 2042 filius
627 2005 749 2048 adoptivus.
763 2004 886 2042 Communi-

61 2075 117 2114 catio
131 2078 227 2120 naturae,
242 2077 276 2113 vel
290 2077 339 2120 ipsa
354 2079 431 2113 natura
447 2076 522 2113 divina
537 2076 696 2114 communicata
711 2080 743 2114 est
758 2077 886 2113 tundamen-

60 2149 105 2184 tum
116 2149 173 2185 reale
183 2147 295 2185 relationis
303 2147 415 2186 filiationis
426 2148 477 2185 iusti
488 2149 516 2186 ad
525 2149 600 2186 Deum.
609 2148 666 2185 Hinc
676 2148 725 2192 ipsa
734 2148 810 2186 filiatio
821 2149 898 2203 adop->

61 2220 105 2256 tiva
116 2219 208 2256 dicenda
221 2222 252 2257 est
265 2219 354 2257 effectus
366 2220 465 2257 formalis
476 2221 557 2264 gratiae
569 2220 732 2258 sanctificantis.
743 2220 804 2258 Patet
816 2224 887 2258 autem

61 2290 118 2328 hanc
131 2291 258 2328 relationem
270 2291 382 2329 filiationis
396 2292 511 2336 adoptivae
525 2293 579 2330 oriri
591 2303 635 2330 non
648 2304 719 2336 posse,
734 2293 752 2330 si
766 2293 887 2330 subiectum

62 2363 97 2399 cui
112 2363 180 2407 gratia
198 2363 346 2401 sanctificante
362 2367 440 2402 natura
457 2364 532 2401 divina
548 2365 727 2410 communicatur,
744 2365 838 2408 incapax
856 2367 888 2402 est

62 2433 126 2472 huius
141 2427 259 2473 relationis.
274 2435 320 2473 Hoc
333 2436 426 2473 hahetur
439 2437 462 2472 in
478 2436 564 2474 Christo
578 2436 674 2480 homine,
689 2438 751 2474 cuius
764 2437 888 2474 humanitas

112 2668 138 2690 11³⁹
152 2666 180 2697 cf.
197 2675 247 2703 quae
261 2665 310 2696 thes.
325 2665 336 2696 2
352 2664 393 2696 iam
409 2664 461 2696 dicta
476 2667 522 2696 sunt
539 2664 562 2695 de
577 2663 674 2696 relatione
689 2653 741 2695 inter
756 2663 889 2695 communica-

64 2726 139 2757 tionem
155 2728 238 2757 naturae
256 2725 334 2757 divinae
351 2727 370 2757 et
387 2725 519 2763 adoptionem.

113 2858 207 2889 Lanunnz.
219 2875 244 2879 —
255 2857 283 2889 De
295 2856 363 2889 Gratia
376 2855 519 2894 Redemptoris.
