1952 3093
415 29 536 67 -354-

56 146 126 183 ritate.
142 146 272 183 Huiusmodi
288 150 338 183 sunt
352 147 508 191 inspirationes
525 150 545 185 et
561 148 598 191 pia
614 147 682 184 animi
700 148 814 189 desideria.
829 160 884 194 quae

56 229 181 261 perversam
198 218 293 255 animam
311 203 404 264 movent,
422 222 484 264 atque
501 220 596 257 excitant
614 220 754 265 aliquantum,
772 221 810 258 sed
825 221 884 259 illam

57 291 84 328 ad
95 291 260 328 conversionem
272 302 316 328 non
327 292 422 330 trahunt,
434 293 495 329 Hanc
506 292 654 330 sufficientem
665 293 756 336 gratiam
768 294 791 330 in
802 305 824 332 se
836 294 884 338 ipso

58 366 157 406 expertus
172 367 203 400 est
218 375 234 401 s,
247 364 311 401 Pater
330 364 403 406 paullo
417 368 465 401 ante
479 364 650 408 conversionem,
663 375 752 409 eamque
764 365 799 402 bis
812 365 885 403 verbis

58 436 150 479 epressit
162 439 239 473 octavo
253 436 350 475 Confess.
364 449 450 474 suarum
463 438 519 475 libro
533 449 580 481 cap.
593 438 611 475 5.
624 438 727 476 Voluntas
740 441 810 476 autern
823 441 885 481 nova,

58 518 112 552 quae
130 508 184 545 mihi
200 519 247 545 esse
265 513 372 553 coeperat,
388 514 411 547 ut
428 514 448 547 te
464 511 529 554 gratis
546 511 646 556 colerem,
663 511 749 557 fruique
766 514 786 548 te
802 511 886 554 vellem,

58 580 116 617 Deus
133 581 179 618 sola
197 584 255 618 certa
274 582 405 626 iucunditas,
423 583 519 620 nondum
537 586 582 620 erat
599 582 679 620 idonea
696 583 723 620 ad
741 583 886 626 superandam

58 653 154 696 priorem
170 656 274 691 vetustate
292 654 422 692 roboratam.
439 654 471 691 Ex
488 654 566 699 quibus
582 655 656 699 liquet,
673 655 764 699 gratiam
782 655 887 692 sufficien-

58 728 101 763 tem
115 726 210 770 aliquem
226 737 312 770 semper
329 727 430 765 effectum
446 727 573 771 producere,
590 738 668 771 nempe
684 727 744 771 pium
761 727 834 765 animi
844 738 888 765 mo-

59 801 103 835 tum
118 802 139 836 et
152 798 232 836 bonam
245 800 384 844 voluntatem,
399 800 437 837 sed
451 800 570 847 invalidam
585 803 605 837 et
618 800 653 837 cui
667 799 760 838 liberum
774 800 888 838 arbitrium

60 871 147 908 resistit.
164 871 265 916 Sequitur
281 873 346 909 etiam
361 873 458 916 gratiam,
474 883 528 917 quae
544 873 567 909 in
583 882 626 910 uno
642 876 674 910 est
689 872 804 928 sufficiens,
820 872 843 909 in
860 872 888 909 al·

60 946 113 987 tero,
132 943 193 981 cuius
213 947 273 981 vetus
292 948 313 998 et
331 944 404 982 carnis
421 945 520 982 voluntas
537 956 586 982 cum
605 955 661 982 nova
679 948 699 982 et
717 945 826 988 spirituali
844 955 887 982 non

61 1016 114 1053 adeo
134 1016 251 1061 conflictat,
268 1020 292 1054 ut
312 1017 458 1054 discordando
479 1017 570 1060 dissipet
589 1017 689 1061 animam,
709 1028 755 1054 esse
774 1017 888 1059 efficacem.

60 1089 200 1139 eamdemque
214 1090 305 1132 gratiam
320 1090 384 1126 talem
399 1100 445 1126 esse
460 1092 559 1132 respectu
572 1090 637 1126 unius
651 1090 730 1133 operis,
746 1101 763 1127 e.
778 1099 797 1133 g.
811 1088 888 1126 oratio·
917 1080 918 1083 ¹

61 1162 102 1206 nis,
116 1172 170 1206 quae
186 1161 261 1198 efficax
275 1172 319 1199 non
334 1165 366 1199 est
381 1164 504 1205 comparate
520 1162 547 1198 ad
562 1172 628 1205 opera
644 1161 692 1205 alia,
708 1173 725 1199 e.
740 1171 759 1205 g.
775 1161 889 1198 observan-

61 1234 113 1270 tiam
128 1234 225 1270 omnium
240 1237 405 1277 praeceptorum
421 1234 554 1279 divinorum;
570 1237 590 1271 et
604 1234 691 1271 demum
705 1236 789 1271 constat
804 1243 890 1271 omnem

62 1306 102 1343 Dei
118 1306 215 1350 gratiam,
230 1307 369 1350 quantumvis
386 1306 504 1351 minimam,
522 1317 567 1343 esse
584 1306 607 1342 in
623 1317 645 1343 se
662 1306 689 1343 ad
706 1316 772 1349 opera
788 1305 890 1343 salutaria

63 1377 211 1422 sufficientem,
228 1381 251 1415 ut
269 1378 321 1415 alibi
339 1378 440 1421 diximus,
457 1378 533 1421 idest,
549 1388 592 1415 non
610 1377 693 1415 efficere
710 1381 769 1415 actus
787 1378 891 1414 salutares

63 1453 153 1494 propter
172 1441 257 1487 obicem
276 1450 370 1487 carnalis
390 1453 410 1487 et
427 1450 555 1487 robustioris
576 1450 732 1494 delectationis,
752 1461 801 1487 cum
819 1452 890 1486 tamen

63 1523 144 1560 tribuat
156 1522 262 1560 voluntati
274 1533 338 1566 posse
350 1533 396 1559 eam
409 1532 517 1565 superare,
530 1522 548 1559 si
560 1522 618 1559 velit.
629 1522 657 1559 Ut
669 1525 740 1558 autem
752 1521 810 1565 velit,
822 1522 891 1566 requi-

64 1595 120 1632 ritur
131 1595 154 1632 111
165 1594 274 1632 hoc'statu
286 1597 361 1631 sancta
374 1594 487 1631 delectatio
500 1594 586 1638 victrix,
598 1605 652 1638 quae
664 1605 676 1631 a
688 1594 747 1631 nullo
761 1594 814 1631 duro
826 1594 892 1631 corde

64 1667 184 1711 respuitur:
200 1670 221 1704 et
231 1667 289 1723 hanc
300 1677 340 1704 nos
352 1666 445 1703 dicimus
457 1666 548 1709 gratiam
560 1677 606 1703 esse
618 1665 732 1703 efficacem.
744 1665 813 1709 Igitur
824 1665 892 1709 gratia

65 1739 140 1777 efficax
156 1742 188 1776 est
202 1740 246 1783 illa,
261 1750 316 1783 quae
332 1749 418 1781 semper
432 1749 480 1774 cum
496 1737 575 1775 effectu
591 1737 708 1775 coniuncta
723 1740 760 1782 est,
777 1738 822 1774 sive
839 1737 892 1774 cari·

65 1815 104 1854 tas,
119 1823 173 1856 quae
190 1812 226 1848 dat
239 1822 303 1855 posse
317 1815 337 1848 et
352 1811 413 1853 velle,
429 1815 449 1847 et
464 1813 546 1846 tantum
560 1810 620 1854 velle,
636 1812 659 1846 ut
674 1810 806 1847 voluntatem
820 1809 893 1846 carnis

66 1884 175 1922 contraria
191 1883 382 1927 concupiscentem
396 1882 460 1919 facile
475 1882 554 1924 vincat,
570 1892 610 1918 nec
626 1882 694 1919 solum
710 1882 746 1919 dat
760 1892 823 1925 posse
838 1882 893 1918 bene

67 1966 135 2000 agere,
148 1956 186 1993 sed
200 1955 265 1993 efficit
278 1956 349 1999 ipsam
362 1954 490 1991 actionem...

119 2034 198 2087 Verum
213 2033 252 2071 etsi
266 2032 384 2070 Thomistis
400 2032 423 2068 in
440 2032 576 2069 confessione
591 2032 672 2075 gratiae
688 2030 814 2068 sufficientis
829 2033 850 2085 et
865 2030 894 2067 ef-

67 2106 140 2143 ficacis
157 2105 329 2150 concordissime
346 2104 458 2141 coniuncti
474 2115 553 2147 sumus,
569 2107 593 2158 et
606 2103 753 2141 consentimus
770 2102 825 2140 nihil
842 2102 894 2139 boni

68 2179 160 2216 liberum
173 2178 289 2215 arbitrium
304 2176 415 2221 perficere,
431 2176 474 2212 nisi
489 2176 579 2213 victrice
594 2176 663 2220 gratia
676 2175 776 2212 flectatur
791 2178 811 2212 et
827 2175 895 2212 deter-

68 2251 163 2288 minetur
178 2250 207 2287 ad
224 2253 302 2294 actum,
320 2248 461 2286 dissentimur
478 2250 548 2285 tamen
568 2248 593 2285 ab
611 2247 655 2285 illis
674 2258 717 2285 non
734 2247 803 2285 solum
819 2247 842 2283 in
861 2258 895 2284 ex-

68 2323 171 2367 plicanda
185 2323 265 2366 gratiae
279 2321 363 2364 natirra,
377 2331 452 2357 verum
466 2320 530 2357 ctiam
544 2320 567 2356 in
582 2331 613 2364 eo,
627 2320 686 2364 quod
700 2320 770 2357 nolint
782 2319 806 2355 in
820 2319 895 2356 eadem

69 2396 138 2439 gratia
153 2395 317 2438 gradualitatem
335 2393 455 2433 admittere.
474 2395 493 2429 et
509 2392 599 2435 gratiam
616 2403 671 2436 quae
687 2391 769 2443 inuno
787 2385 909 2428 sufficiens

71 2471 91 2504 et
106 2467 205 2504 inefficax
222 2470 259 2511 est,
275 2477 319 2503 non
334 2476 398 2509 posse
415 2463 522 2501 efficacem
537 2475 583 2501 esse
599 2464 622 2499 in
638 2464 704 2501 altero
721 2463 896 2500 constantissime

70 2542 162 2583 teneant,
177 2542 292 2582 propterea
306 2538 364 2582 quod
379 2536 483 2574 auxilium
497 2535 605 2572 sufficiens
620 2539 640 2573 et
655 2535 729 2573 efficax
743 2535 801 2572 inter
815 2545 837 2572 se
850 2546 896 2578 spe-

70 2613 103 2649 eie
117 2611 219 2649 differant
232 2614 253 2648 et
264 2613 347 2648 natura.
360 2610 386 2646 At
399 2618 439 2645 nos
451 2608 542 2645 eandem
555 2618 644 2645 numero
658 2607 829 2651 delectationem,
842 2617 896 2652 quae

73 2685 93 2720 in
110 2683 218 2727 aliquibus
233 2683 305 2720 minus
321 2681 441 2719 excaecatis
458 2682 521 2724 atque
537 2679 649 2716 obduratis
665 2692 683 2717 e.
697 2689 716 2723 g.
732 2680 756 2717 in
771 2678 844 2723 Tyriis
861 2678 897 2723 sy-
