1952 3093
473 31 501 36 —
515 9 594 46 108--

123 128 182 174 ritus·
194 129 278 174 Sancti:
297 129 330 166 An
347 129 443 173 nescitis,
460 129 563 174 quoniam
579 129 676 167 membra
691 132 763 168 vestra
780 130 883 174 templum
900 137 949 170 sunt
970 161 972 166 .

124 201 217 251 Spiritus
229 202 309 247 Sancti,
321 202 392 247 quiin
403 202 465 240 vobis
477 205 515 247 est,
527 213 591 247 quem
602 202 687 241 habetis
700 203 812 241 a-Deo‘tu.
824 226 852 231 -
863 203 949 249 Inhahi-

124 275 242 318 tantem-in
258 275 337 312 animis
353 276 396 319 piis
413 275 518 320 Spiritum
533 275 635 313 Sanctum
649 275 736 313 ubertas
752 287 866 313 munerum
884 277 949 315 caete-

124 348 188 385 stium
201 348 274 385 multis
287 348 359 385 modis
373 348 513 393 consequitur
521 361 531 384 »
540 351 564 385 ⁹⁰.

464 564 484 602 S.
496 565 616 603 Scaurum

176 707 199 744 Io
217 707 248 751 14,
265 707 300 746 23:
321 721 331 744 «
340 708 362 746 Si
378 708 427 753 quis
443 708 514 752 diligit
528 719 569 755 me,
586 719 708 747 sermonem
724 719 795 746 meum
811 708 912 753 servabit,
928 714 948 747 et

126 780 188 817 Pater
202 791 262 818 meus
278 780 354 825 diliget
368 792 422 827 eum,
438 763 458 818 ct
473 782 501 818 ad
517 792 565 818 eum
580 782 691 819 veniemus
708 785 728 819 et
742 781 951 826 mansionembapud

124 862 173 888 eum
185 851 290 890 faciemus
298 864 317 890 >>.
328 875 356 881 -
368 852 423 891 Rom
435 853 454 898 5,
467 853 489 891 5:
502 864 516 898 ,«
526 852 608 890 Caritas
619 852 659 890 Dei
673 852 753 891 diffusa
765 853 832 891 estin
845 853 948 892 cordibus

126 925 206 962 nostris
217 936 258 969 per
270 925 375 969 Spiritum
388 925 496 970 Sanctum,
509 926 546 970 qui
559 926 620 963 datus
634 928 665 963 est
677 925 741 963 nobis
749 938 767 963 >>.
780 925 799 970 8,
812 926 824 964 9
837 936 875 963 ss.:
891 926 951 964 «Vos

127 1000 197 1034 antem
209 997 232 1033 in
245 1008 309 1035 carne
320 1008 364 1035 non
378 997 435 1042 estis,
449 998 522 1035 sedin
536 997 625 1041 spiritu:
641 998 659 1035 si
672 1001 744 1035 tamen
757 997 851 1042 Spiritus
863 998 904 1036 Dei
916 999 952 1035 ha-

126 1069 180 1106 bitat
193 1069 217 1106 iu
229 1069 298 1108 vobis.
311 1069 333 1107 Si
347 1070 395 1114 quis
410 1072 481 1107 autem
494 1069 599 1113 Spiritum
613 1069 694 1107 Christi
707 1080 751 1107 non
764 1069 840 1107 habet:
856 1069 894 1107 hic
908 1081 950 1107 non

127 1145 158 1178 cst
172 1141 223 1179 eius.
239 1141 261 1179 Si
275 1145 346 1178 autem
361 1141 459 1179 Christus
473 1142 496 1178 in
511 1140 573 1178 vobis
588 1144 630 1179 est:
647 1152 726 1185 corpus
741 1141 830 1186 quidem
844 1145 952 1180 mortuum

127 1216 158 1250 cst
174 1216 264 1257 propter
280 1217 399 1257 peccatum,
417 1213 507 1258 spiritus
525 1223 576 1251 vero
594 1212 649 1251 vivit
664 1216 754 1258 propter
770 1212 952 1251 iustificationem.

125 1285 187 1330 Quod
198 1284 217 1323 si
229 1284 322 1329 Spiritus
333 1285 385 1331 eius,
397 1285 435 1330 qui
447 1285 560 1323 suscitavit
570 1285 641 1323 Iesum
653 1295 665 1323 a
676 1284 869 1330 mortuis-habitat
879 1286 902 1323 in
914 1297 950 1324 vo-

127 1358 172 1396 bis:
186 1358 223 1403 qui
234 1357 347 1396 suscitavit
358 1358 428 1396 Iesum
441 1358 550 1416 Cbristum
562 1357 681 1403 amortuis,
690 1357 811 1400 vivificabit
822 1362 842 1397 et
853 1359 953 1396 mortalia

128 1438 221 1474 corpora
236 1433 308 1468 vestra
322 1433 413 1475 propter
426 1430 585 1468 inhabitantem
600 1430 705 1474 Spiritum
721 1430 767 1468 eius
783 1430 806 1467 in
822 1430 911 1469 vobis».
927 1453 954 1458 —

129 1506 139 1541 1
152 1503 225 1548 Cor&
232 1503 257 1542 16
269 1514 296 1541 s.:
311 1503 423 1542 «Nescitis
434 1503 485 1548 quia
496 1503 600 1547 templum
611 1503 652 1540 Dei
663 1503 720 1549 estis,
731 1506 751 1541 et
761 1502 855 1549 Spiritus
866 1503 907 1541 Dei
918 1504 954 1550 ha-

125 1576 180 1614 bitat
191 1575 215 1612 in
228 1575 304 1613 vobis?
318 1575 340 1613 Si
352 1574 400 1620 quis
415 1578 485 1613 autem
499 1575 603 1619 templum
615 1575 656 1612 Dei
668 1574 788 1619 violaverit,
803 1575 915 1620 disperdet
927 1576 953 1612 il-

127 1648 253 1685 lumDeus.
270 1647 383 1691 Templum
400 1647 458 1685 euim
476 1646 515 1684 Dei
532 1650 630 1684 sanctum
649 1650 686 1691 est,
704 1646 764 1691 quod
780 1647 835 1685 estis
850 1658 915 1686 vos».
935 1647 954 1691 6,

129 1721 165 1758 19;
185 1733 195 1756 <<
204 1720 241 1757 An
251 1720 341 1757 nescitis
356 1719 459 1764 quoniam
475 1719 572 1757 membra
588 1721 660 1757 vestra
674 1720 779 1763 templum
794 1722 844 1757 sunt
861 1719 954 1764 Spiritus

127 1792 206 1837 Sancti,
222 1793 297 1837 quiin
311 1792 373 1830 vobis
388 1794 426 1836 est,
441 1803 504 1837 quem
518 1791 603 1830 habetis
617 1792 695 1836 aDeo,
711 1795 732 1829 et
746 1802 791 1829 non
805 1791 856 1830 estis
871 1792 956 1829 vestri?-

128 1865 202 1910 Ernpti
213 1865 271 1903 enim
284 1865 335 1903 estis
348 1865 419 1909 pretio
431 1875 516 1909 magno.
530 1863 652 1903 Glorificate
663 1866 684 1902 et
695 1866 779 1909 portate
791 1865 860 1902 Deum
873 1864 896 1901 in
909 1876 955 1902 cor-

130 1949 182 1982 pore
191 1941 263 1976 vestro
272 1951 290 1974 ».
299 1938 347 1974 -2
358 1937 400 1976 Cor
410 1938 428 1982 1,
439 1937 463 1975 21
474 1949 502 1977 s.:
516 1950 527 1974 «
536 1937 576 1981 Qui
587 1939 658 1975 autem
669 1936 782 1975 confirmat
791 1947 831 1975 nos
842 1937 955 1974 vobiscum

130 2011 152 2047 in
164 2009 257 2054 Christo,
267 2010 334 2055 etqui
343 2010 406 2048 unxit
416 2021 456 2048 nos
464 2010 532 2047 Deus:
544 2010 581 2054 qui
592 2012 612 2047 ct
623 2009 716 2053 signavit
725 2019 766 2047 nos
777 2012 797 2046 et
807 2008 867 2046 dedit
876 2008 955 2053 pignus

131 2082 224 2126 Spiritus
235 2082 258 2119 in
272 2082 374 2120 cordibus
387 2082 494 2120 nostris».
508 2081 526 2126 6,
539 2081 574 2119 16:
590 2082 650 2126 «Qui
662 2084 733 2119 autem
745 2072 863 2119 consensus
874 2081 955 2125 templo

130 2155 170 2192 Dei
186 2166 234 2192 cum
248 2154 328 2193 idolis?
342 2154 385 2192 Vos
400 2154 458 2193 enim
473 2153 525 2192 estis
540 2154 644 2197 templum
659 2153 699 2190 Dei
715 2152 760 2191 vivi
768 2165 787 2190 >>.
800 2175 828 2181 —
842 2151 880 2191 Gal
896 2153 914 2196 4,
931 2153 953 2190 o:

132 2227 257 2271 «Quoniam
270 2229 341 2264 autem
357 2226 407 2264 estis
422 2225 468 2270 filii,
482 2225 542 2263 misit
555 2226 612 2263 Deus
628 2225 732 2269 Spiritum
746 2224 787 2262 filii
801 2224 835 2262 sui
850 2224 873 2261 in
889 2225 955 2262 corda

131 2301 202 2336 vestra
215 2299 354 2336 clamantem:
368 2297 435 2343 Abba,
446 2297 510 2335 Pater
518 2309 536 2334 >>.
546 2320 574 2325 -
583 2296 632 2342 Eph
644 2297 663 2340 1,
676 2297 700 2335 13
713 2307 751 2334 ss:
766 2296 810 2333 «In
822 2307 865 2341 quo
878 2299 899 2335 et
910 2306 955 2338 vos,

130 2373 179 2408 cum
189 2370 304 2408 audissetis
313 2370 403 2408 verbum
413 2369 512 2407 veritatis
526 2368 674 2413 (Evangelium
685 2368 759 2406 salutis
770 2367 868 2412 vestrae),
879 2367 902 2405 in
912 2379 954 2413 quo

131 2446 152 2480 et
166 2443 279 2481 credentes
296 2443 375 2487 signati
392 2443 442 2480 estis
458 2441 541 2487 Spiritu
556 2440 709 2485 promissionis
725 2442 806 2485 sancto,
822 2440 860 2485 <rui
877 2443 909 2478 est
924 2439 956 2484 pi-

180 2612 220 2644 891
236 2612 273 2646 Cor
287 2612 304 2653 6,
316 2586 345 2647 19.

180 2677 198 2699 90
212 2673 259 2707 Acta
272 2674 289 2707 S.
303 2674 363 2713 Sedis,
376 2674 513 2714 29,1897‚652
526 2684 541 2707 s.
