1952 3093
398 92 519 128 -189—

96 214 179 257 Negant
191 213 276 256 thesim,
288 216 312 249 ut
322 224 350 250 -ex
364 223 429 255 supra
442 212 507 249 dictis
519 215 583 255 patet,
596 212 715 248 Novatores
729 211 810 248 saeculi
821 210 872 253 XVI,

49 286 130 329 Baiani,
144 285 283 323 lansenistae.

99 358 162 401 Quod
175 358 203 394 ad
215 357 286 401 ipsam
297 368 343 394 rem
355 356 437 400 attinet,
448 357 546 400 quaestio
559 356 602 393 iam
616 356 685 393 soluta
697 359 729 392 est
741 356 765 392 in
776 355 874 392 sectione

48 429 200 477 praecedente
212 439 263 466 nam
274 432 319 466 tum
329 428 427 466 infideles
437 432 482 465 tum
493 428 567 465 fideles
578 431 703 472 peccatores
715 428 798 465 actibus
810 427 874 465 honis

50 514 97 541 cum
110 502 192 538 auxilio
207 501 289 550 gratiae
303 502 331 539 ad
343 501 519 538 iustificationem
534 500 650 544 disponere
665 511 686 537 se
701 499 786 537 dehent.
800 499 874 544 Neque

49 577 102 613 haec
120 573 239 611 necessitas
257 573 284 610 ad
302 573 359 610 solos
375 574 501 615 peccatores
518 571 592 609 fideles
610 572 761 615 restringenda
780 574 817 617 est,
836 570 875 608 sed

50 647 113 684 etiam
130 645 156 683 de
172 644 297 682 infidelibus
312 646 378 688 valet;
396 656 446 682 nam
462 644 529 688 aliqui
546 647 605 681 actus
623 643 727 680 salutares
744 643 875 680 antecedunt

50 720 119 763 ipsam
133 716 293 760 susceptionem
305 716 363 760 fidei,
378 720 437 753 actus
451 717 489 760 qui
502 715 718 758 comprehenduntur
732 715 771 752 sub
786 715 875 751 nomine

51 789 156 826 «initium
171 788 222 826 fidei
230 802 248 826 ».

364 1004 416 1040 Doe.
434 1003 554 1040 Eecnnsran

104 1147 135 1183 Ex
149 1147 243 1184 concilio
257 1157 386 1184 TRIDENTINO
400 1148 442 1183 huc
456 1148 572 1190 pertinent,
587 1158 641 1191 quae
656 1158 722 1190 supra
735 1147 792 1183 thesi
804 1146 816 1183 o
829 1157 877 1189 par-

50 1223 69 1256 te
79 1220 99 1255 ll
111 1220 174 1256 allata
187 1223 242 1255 sunt.
253 1220 307 1256 Vide
319 1229 366 1263 pag.
378 1220 415 1256 141
427 1231 443 1256 s.
455 1219 573 1262 Speciatim
585 1220 686 1262 opposita
698 1218 805 1255 sen-tentia
817 1219 875 1255 dam-

52 1294 115 1327 natur
130 1302 177 1328 ean.
195 1292 217 1327 7:
236 1291 277 1343 «Si
293 1292 342 1334 quis
358 1291 443 1333 dixerit,
459 1302 525 1333 opera
542 1292 621 1333 omnia,
638 1302 693 1335 quae
710 1294 759 1327 ante
776 1290 877 1326 iustifica-

52 1364 133 1400 tionem
147 1363 206 1406 fiunt,
222 1364 456 1407 quacumqueratione
472 1362 529 1400 iacta
545 1363 595 1406 sint,
611 1373 661 1400 rere
677 1373 723 1399 esse
738 1365 828 1406 peccata
843 1362 877 1398 vel

51 1435 125 1471 odium
140 1435 179 1472 Dei
195 1435 283 1480 mereri3
300 1438 336 1472 aut
351 1438 430 1478 quanto
445 1434 593 1477 vehementius
609 1435 657 1478 quis
673 1434 751 1471 nititur
766 1446 788 1471 se
805 1435 876 1477 dispo-

52 1517 102 1544 nere
115 1507 143 1543 ad
154 1506 251 1550 gratiam,
264 1509 323 1544 tanto
336 1518 384 1543 eum
398 1507 484 1550 gravius
497 1517 589 1550 peccare
601 1506 625 1543 A.
638 1506 658 1543 S.
666 1519 677 1542 »
685 1510 720 1542 ²¹47.

104 1584 157 1621 P1us
169 1584 187 1620 V
198 1584 309 1621 damnavit
320 1587 432 1628 sequentes
444 1585 606 1627 propositiones
617 1584 670 1621 Baii.
682 1584 746 1627 Prop.
758 1584 794 1621 25:
810 1596 820 1619 «
829 1584 877 1621 οη]Ᾱ

52 1657 88 1692 nia
101 1667 167 1699 opera
182 1655 302 1693 infidelium
317 1660 367 1693 sunt
381 1659 476 1699 peccata,
491 1660 512 1693 et
526 1656 707 1699 philosophorum
722 1657 812 1692 virtutes
828 1660 878 1692 sunt

52 1728 105 1764 vitia
113 1740 131 1764 ».
142 1750 169 1755 -
180 1728 244 1771 Prop.
257 1729 292 1765 35:
309 1728 403 1772 «Omne,
414 1729 473 1772 quod
485 1729 528 1772 agit
539 1731 641 1771 peccator
652 1729 686 1765 vel
699 1739 772 1765 servus
785 1728 877 1770 peccati,

52 1802 164 1841 peccatum
177 1803 209 1838 est
217 1812 235 1837 ».
245 1823 274 1826 —
284 1800 348 1843 Prop.
360 1800 396 1837 38:
412 1800 508 1857 «Omnis
520 1811 581 1836 amor
593 1803 703 1837 creaturae
716 1800 829 1836 rationalis
842 1802 878 1836 aut

52 1872 131 1909 vitiosa
146 1874 178 1909 est
193 1872 309 1914 cupiditas,
325 1883 367 1916 qua
383 1872 476 1908 mundus
492 1872 596 1916 diligitur,
612 1882 667 1916 quae
682 1883 695 1908 a
708 1871 790 1909 Ioanne
803 1872 878 1914 prohi-

52 1942 120 1986 betur,
131 1948 166 1980 aut
175 1943 293 1980 laudabilis
303 1943 341 1980 illa
351 1943 437 1987 caritas,
448 1954 490 1987 qua
499 1955 539 1987 per
550 1943 655 1987 Spiritum
667 1946 765 1980 sanctum
776 1944 799 1979 in
812 1943 878 1981 corde
948 1939 950 1942 ’

54 2015 133 2051 diffusa
146 2016 203 2052 Deus
216 2018 325 2051 amatur».
337 2038 365 2042 —
376 2015 440 2059 Prop.
454 2015 490 2052 40:
506 2028 516 2050 «
524 2015 549 2051 In
561 2015 661 2053 omnibns
675 2015 719 2051 suis
733 2015 817 2052 actibus
829 2026 878 2058 pec-

54 2089 115 2124 cator
126 2086 219 2123 inservit
232 2087 353 2124 dominanti
369 2087 484 2131 cupiditati
493 2100 503 2123 »
511 2088 546 2123 ³³4⁸.

105 2164 234 2202 amrinum
246 2164 295 2201 Vlll
310 2165 421 2202 damnavit
436 2168 549 2208 sequentes
562 2175 647 2202 errores
660 2165 837 2209 Iansenistarum,
852 2166 874 2201 1:

53 2236 97 2272 «In
112 2238 168 2273 statu
182 2239 271 2274 naturae
284 2237 357 2279 lapsae
371 2236 398 2273 ad
413 2240 526 2280 peccatum
541 2237 630 2274 mortale
648 2237 756 2279 (formale)
772 2240 792 2273 et
808 2237 877 2274 deme-

53 2307 118 2344 ritum
129 2308 206 2344 sufficit
218 2308 255 2345 illa
265 2308 361 2352 libertas,
372 2319 415 2352 qna
426 2309 572 2345 voluntarium
584 2320 608 2345 ac
620 2308 713 2345 liberum
726 2308 767 2346 luit
778 2309 801 2344 in
813 2319 877 2345 causa

55 2389 98 2422 sua,
112 2382 202 2422 peccato
216 2380 317 2423 originali
333 2383 353 2417 et
368 2380 477 2417 voluntate
492 2380 568 2417 Adami
584 2381 723 2423 peccantis».
737 2404 765 2408 —
779 2380 802 2417 2:
821 2381 878 2417 «Ta-

55 2451 118 2487 metsi
137 2451 199 2488 detur
219 2452 341 2495 ignorantia
360 2451 496 2488 invincibilis
518 2452 571 2488 iuris
591 2455 687 2495 naturae,
707 2453 760 2489 haec
780 2453 803 2488 in
822 2454 879 2489 statu

55 2526 144 2559 naturae
156 2524 229 2566 tapsae
242 2527 368 2566 operantem
381 2535 407 2560 ex
420 2524 468 2566 ipsa
481 2535 524 2560 non
538 2527 626 2560 excusat
638 2535 649 2560 a
662 2528 751 2567 peccato
765 2524 879 2561 formali».

102 2688 128 2710 14⁷
142 2685 200 2717 Denz.
216 2685 256 2718 817.

102 2748 129 2770 148
142 2745 200 2777 Denz.
214 2746 269 2784 1025;
283 2745 338 2784 1035;
353 2746 408 2783 1038:
423 2746 475 2779 1040.
