1952 3093
400 54 521 91 -123—

49 179 179 219 sectionibus
197 177 337 220 moribusque
357 174 457 212 divinis»
476 175 499 210 in
518 177 596 218 quo1²⁵
616 174 706 210 eandem
725 173 874 218 quaestionem

49 250 115 289 simili
128 249 193 287 modo
207 251 291 285 tractat.
306 248 428 291 Scripserat
442 250 512 300 autem
527 247 585 283 hunc
601 250 721 290 tractatum,
737 246 834 289 exceptis
850 245 875 281 li-

49 322 94 362 bris
109 322 133 359 13
149 324 170 358 et
184 321 215 365 tl,
229 321 273 358 iam
288 320 312 357 13
327 320 361 357 vel
376 320 400 357 14
417 319 480 356 annis
495 322 543 356 ante
559 319 604 355 eius
619 319 744 362 editionem,
758 319 811 355 hinc
825 320 875 354 ante

49 394 167 433 editionem
182 393 255 437 operis
271 405 281 428 «
289 393 320 429 De
335 391 422 429 Summo
438 392 524 428 Bono».
541 390 612 434 Capiti
628 391 652 428 11
667 391 755 428 addidit
769 389 875 434 appendi-

49 476 105 510 cem;
118 476 179 502 nam:
194 464 277 502 «Circa
288 475 312 501 ea
323 475 377 508 quae
390 474 437 507 cap.
451 464 481 517 11.
494 463 531 500 lib.
545 463 569 500 12
584 463 642 500 dicta
655 466 704 500 sunt
718 463 743 500 de
757 462 875 506 adoptione

49 537 201 576 desiderarunt
211 536 312 574 nonnulli
323 535 430 573 maiorem¹
440 535 608 579 explicationem
620 538 710 579 propter
720 535 826 579 quosdam
837 534 875 578 qui

49 612 143 648 mentem
153 619 223 646 meam
234 619 278 646 non
290 608 342 645 satis
351 607 505 645 intellexerunt
513 620 531 643 ».
542 607 575 644 Ibi
586 608 609 643 in
620 607 662 643 fine
674 607 802 644 sententiam
814 617 875 644 suam

50 683 80 719 ita
94 681 256 725 complectitur:

104 753 162 790 «His
178 752 256 796 positis
272 755 381 796 tamquam
397 752 477 795 partim
494 752 565 794 certis,
582 751 663 795 partim
678 751 741 788 valde
757 750 875 794 probabili-

50 827 96 868 bus,
112 824 209 869 sequitur
222 825 301 868 primo,
319 824 400 861 donum
416 823 497 867 gratiae
513 823 631 861 habitualis
649 823 766 867 dupliciter
782 822 875 866 spectari

50 907 123 941 posse;
137 896 209 940 primo
223 896 322 939 praecise
335 895 454 932 secundum
467 906 528 932 suam
542 895 652 932 entitatem
666 895 780 938 physicam
795 894 875 938 absque

50 969 94 1005 ulla
109 968 193 1006 ratione
210 968 263 1004 reali
280 968 313 1004 vel
330 968 407 1004 morali
424 967 591 1010 interveniente3
610 967 705 1004 secundo
722 969 827 1010 quatenus
844 970 876 1003 est

51 1040 162 1076 vinculum
180 1039 274 1083 Spiritus
293 1039 370 1076 divini.
388 1039 409 1076 Si
428 1039 498 1082 priori
517 1039 582 1076 modo
601 1039 757 1081 consideretur,
777 1039 817 1077 etsi
834 1039 875 1075 hoc

52 1113 132 1149 donum
144 1112 172 1148 sit
185 1111 294 1148 sufficiens
307 1112 335 1148 ad
348 1111 504 1148 conferendum
517 1110 618 1148 effectum
630 1110 749 1154 positivum
763 1110 876 1147 formalem

52 1183 152 1226 iustitiae,
169 1193 212 1220 non
228 1187 300 1220 tamen
317 1186 349 1221 est
365 1182 473 1220 sufficiens
490 1183 517 1219 ad
535 1183 650 1220 delendum
667 1186 780 1226 peccatum
797 1186 833 1219 aut
849 1183 877 1219 ad

52 1255 227 1292 constituendum
242 1255 339 1292 absolute
354 1254 422 1291 filium
438 1254 484 1298 Dei,
500 1258 523 1291 ut
540 1255 591 1291 satis
607 1265 672 1297 supra
690 1254 822 1291 declaratum
839 1256 877 1290 est.

52 1326 74 1363 Si
93 1338 144 1363 vero
162 1326 312 1364 consideretur
329 1327 424 1363 secundo
441 1326 513 1369 modo,
532 1327 564 1363 sic
582 1326 624 1363 hoc
643 1326 723 1363 donum
743 1326 830 1363 aliunde
848 1326 877 1363 ad

52 1402 165 1441 utrumque
182 1397 284 1435 effectum
301 1397 385 1441 sufficit,
401 1398 445 1435 imo
462 1401 576 1442 utrumque
593 1397 716 1435 necessario
733 1408 773 1441 per
788 1398 877 1435 modum

53 1480 129 1507 causae
145 1470 242 1507 formalis
259 1470 289 1506 ita
302 1472 403 1513 praestat,
420 1473 442 1506 ut
458 1480 498 1506 nec
514 1470 687 1513 perpotentiam
701 1470 741 1506 Dei
757 1469 877 1506 absolutam

52 1541 99 1578 fieri
113 1541 175 1578 aliter
187 1542 262 1586 possit,
276 1552 354 1584 nempe
367 1544 390 1577 ut
402 1542 436 1578 vel
448 1544 561 1584 peccatum
574 1552 618 1578 non
634 1541 735 1584 deleatur,
749 1542 784 1578 vel
796 1545 821 1578 ut
834 1542 877 1584 ille,

53 1614 91 1657 qui
107 1613 149 1649 hoc
167 1612 248 1650 donum
266 1613 352 1657 accipit,
371 1623 414 1650 non
433 1613 577 1650 constituatur
592 1612 648 1650 filins
666 1613 706 1650 Dei
722 1613 839 1656 adoptivus
858 1616 878 1649 et

53 1685 115 1721 heres
132 1684 199 1728 regni.
213 1684 277 1722 Unde
293 1685 330 1721 hic
354 1684 430 1722 modus
455 1684 580 1728 explicandi
603 1685 696 1722 formam
719 1684 878 1727 iustificantem,

53 1759 117 1798 prout
130 1767 152 1793 se
163 1756 228 1793 habet
239 1757 262 1792 in
274 1757 315 1793 hoc
329 1759 391 1800 statu,
404 1756 491 1793 videtur
502 1757 595 1794 maxime
609 1757 741 1794 conveniens
755 1759 775 1793 et
788 1757 832 1794 Deo
848 1757 878 1793 di-

53 1827 176 1869 gnissimus.
186 1827 259 1865 Primo
271 1827 322 1871 quia
334 1827 453 1871 Scripturis
465 1829 558 1865 maxime
570 1831 734 1871 consentaneus,
746 1839 801 1872 quae
813 1829 879 1872 adop-

54 1899 135 1936 tionem
149 1898 243 1936 filiorum
258 1899 340 1943 passim
356 1910 395 1942 per
412 1899 551 1937 donationem
566 1900 659 1943 Spiritus
676 1901 745 1937 sancti
762 1900 879 1943 explicant,

54 1973 77 2007 ut
94 1981 159 2014 supra
176 1973 294 2016 ostensum;
312 1971 408 2009 secundo
423 1972 475 2015 quia
492 1972 524 2008 sic
541 1971 568 2009 ad
584 1971 690 2009 rationem
705 1971 788 2009 formae
804 1971 879 2009 iustifi-

55 2042 123 2079 cantis
137 2045 160 2079 ut
173 2042 274 2079 effectum
287 2054 349 2079 suum
363 2043 476 2080 formalem
489 2043 572 2087 integre
586 2043 690 2087 conferat,
704 2054 748 2081 non
761 2044 880 2088 requiritur

55 2114 110 2150 ullus
126 2114 188 2151 favor
203 2113 350 2151 interveniens
365 2117 401 2151 aut
417 2115 537 2158 acceptatio
553 2115 654 2159 gratuita3
671 2126 722 2165 nam
737 2116 807 2159 gratia
820 2115 880 2152 habi-

55 2186 119 2221 tualis
133 2187 198 2228 prout
211 2185 275 2222 simul
290 2188 322 2223 est
336 2186 447 2223 vinculum
461 2187 540 2224 uniens
554 2186 617 2224 nobis
633 2187 738 2230 singulari
754 2188 819 2225 modo
834 2187 881 2231 Spi-

55 2257 121 2293 ritum
134 2256 239 2301 divinum,
251 2257 332 2301 absque
345 2258 388 2295 ullo
401 2258 503 2295 ulteriore
517 2258 609 2302 gratuito
622 2259 697 2296 favore
710 2259 833 2296 necessario
846 2260 881 2296 de-

55 2327 84 2365 let
97 2331 217 2372 peccatum,
231 2332 321 2366 renovat
334 2330 426 2367 interius
441 2333 534 2367 mentem
548 2334 568 2367 et
582 2331 695 2367 constituit
708 2330 777 2368 illium
789 2331 836 2374 Dei,
851 2332 881 2368 ita
912 2344 916 2351 ⁴

56 2403 79 2435 ut
95 2411 135 2436 nec
150 2411 190 2443 per
204 2401 324 2443 potentiam
339 2401 379 2438 Dei
396 2401 515 2439 absolutam
530 2402 593 2438 aliter
606 2401 653 2439 fieri
668 2403 745 2445 possit.
760 2402 807 2440 Etsi
823 2404 881 2439 enim

57 2471 135 2515 aliquis
151 2471 213 2509 favor
227 2472 327 2510 videatur
342 2472 431 2516 requiri,
447 2476 470 2510 ut
486 2472 579 2517 Spiritus
596 2473 684 2511 divinus
698 2474 845 2512 infallibiliter
861 2479 882 2512 et

56 2541 232 2586 inseparabiliter
245 2544 273 2580 sit
284 2555 394 2581 connexus
408 2545 440 2581 illi
455 2546 518 2588 dono,
532 2549 602 2582 tamen
616 2546 682 2583 semel
694 2547 766 2589 posita
778 2547 819 2583 hac
832 2558 881 2584 con-

104 2708 131 2730 126
144 2705 164 2737 L.
179 2705 208 2743 12,
222 2715 263 2744 cap.
278 2705 306 2738 11.
