1952 3093
463 48 583 89 -31'2-

106 171 258 210 obedientialis
275 174 332 209 recte
350 171 429 209 dicitur
447 172 523 208 activa.
539 171 599 208 Hanc
617 182 691 208 omnes
707 171 827 208 concedere
846 170 929 213 dehent,

106 246 142 290 qui
160 248 240 289 tenent,
258 245 381 281 facultatem
399 245 503 281 elevatam
520 255 563 281 non
580 245 649 297 solum
665 246 746 281 remote
763 232 785 280 e't
800 243 931 285 radicaliter,
961 240 971 284 J

107 317 144 353 sed
163 317 262 359 proxime
280 320 300 353 et
319 316 444 353 immediate
464 316 541 353 elicere
561 319 631 353 actum
652 315 869 359 supernaturalem'fl.
889 315 930 352 Sed

108 389 226 425 secundum
241 388 327 429 Molina,
344 387 428 431 Suarea
443 388 541 432 potentia
555 388 707 425 obedientialis
724 388 795 425 activa
809 398 873 425 sensu
889 397 931 424 ma-

107 462 139 504 gis
150 460 225 497 stricto
237 461 307 496 adhuc
320 460 454 497 admittenda
466 463 503 504 est,
515 460 552 497 scl.
563 461 598 505 ita,
609 464 631 496 nt
643 460 734 497 facultas
744 462 822 504 creata,
833 459 929 497 nondum
951 454 953 456 ’

109 533 239 570 intrinsecus
252 533 342 575 elevata,
357 532 395 569 sed
410 533 494 569 interne
509 533 598 569 omnino
613 532 731 577 immutata,
746 542 795 575 ergo
811 532 853 569 hoc
868 541 930 568 sensu

107 604 218 648 operando
234 603 318 641 viribus
334 604 476 647 naturalibus,
492 615 541 641 cum
559 614 665 641 concursu
684 604 758 641 divino
775 604 880 646 indebito,
898 614 931 640 su-

107 677 247 719 pernaturali,
265 676 394 714 simultaneo
413 676 491 713 elicere
509 677 578 719 possit
596 679 656 713 actus
675 676 786 713 entitative
806 680 931 717 supernatu-

108 748 170 785 rales.
187 747 249 792 Quod
266 748 324 785 enim
339 748 397 785 Deus
413 748 523 785 mediante
540 752 587 785 ente
604 751 676 785 creato
693 748 715 784 in
733 751 831 784 creatura
849 747 931 785 efficere

108 823 185 863 potest,
202 819 347 863 omnipotenti
364 831 402 857 sua
418 820 497 857 virtute
514 820 579 857 etiam
596 810 726 863 immediate,
745 820 791 857 sine
806 819 931 857 huiusmodi
970 818 972 820 ’

108 894 156 928 ente
168 895 240 929 creato
250 894 327 936 potest,
339 892 420 929 nisiex
430 895 506 929 natura
516 891 605 929 effectus
618 892 674 929 adsit
684 892 836 935 repugnantia
849 903 872 928 ea
884 903 902 930 e.
913 900 932 935 g.

108 964 224 1001 haberetur
235 964 258 1000 in
272 964 414 1007 producendo
428 967 476 1001 actu
489 964 620 1007 cognitionis
634 967 705 1001 creato
720 964 767 1001 sine
780 964 932 1007 cooperatione

110 1035 218 1073 facultatis
234 1036 403 1081 cognoscitirae;
419 1037 565 1079 inpraesenti
581 1039 651 1072 autem
667 1037 792 1080 quaestione
806 1037 856 1073 talis
871 1046 932 1079 repu-

109 1108 197 1150 gnantia
213 1117 257 1145 non
273 1107 342 1145 adest.

162 1179 227 1223 Origo
241 1183 301 1216 actus
316 1179 454 1217 indeliberati
468 1180 644 1223 supernaturalis,
660 1180 797 1223 cogitationis
810 1179 886 1222 bonae,
901 1181 933 1215 in-

109 1251 234 1288 clinationis
250 1251 374 1294 voluntatis
390 1252 508 1289 secundum
524 1253 581 1288 hanc
598 1252 726 1289 sententiam
741 1252 771 1288 ita
788 1251 933 1295 concipienda

110 1326 151 1360 est:
166 1323 223 1361 Deus
236 1323 380 1367 omnipotenti
394 1334 432 1360 sua
445 1323 523 1360 virtute
537 1324 635 1361 facultati
649 1326 732 1361 creatae
745 1324 877 1361 intrinsecus
886 1333 933 1360 ‘non

111 1397 202 1432 mutatae
217 1395 326 1437 assistens,
339 1406 387 1432 cum
402 1399 499 1432 creatura
514 1396 536 1432 in
552 1396 599 1439 ipso
613 1399 662 1432 actu
676 1395 818 1439 producendo
832 1406 934 1439 superna

110 1467 209 1504 turaliter
223 1467 253 1504 ita
269 1470 404 1511 cooperatur,
420 1471 443 1503 ut
458 1471 517 1505 actus
534 1467 605 1505 vitalis
621 1467 710 1511 oriatur,
726 1467 763 1511 qui
780 1468 808 1504 sit
822 1468 933 1504 entitative

111 1539 290 1583 supernaturalis;
302 1539 339 1576 hic
352 1549 470 1576 concursus
484 1540 570 1576 divinus
584 1539 642 1577 nullo
656 1539 720 1576 modo
733 1541 765 1576 est
776 1539 884 1582 praevius,
896 1539 934 1576 sed

111 1610 207 1648 absolute
222 1611 369 1654 simultaneus,
383 1611 413 1648 ita
428 1610 487 1647 utin
504 1612 565 1655 signo
579 1611 719 1648 antecedente
735 1612 763 1648 ad
776 1611 847 1654 ipsum
863 1614 933 1647 actum

111 1682 166 1719 nihil
181 1685 276 1719 creatum
292 1682 403 1720 entitative
419 1684 581 1726 supernaturale
596 1683 618 1719 iu
634 1686 732 1720 creatura
748 1685 822 1726 agente
838 1682 934 1719 invenia-

112 1758 151 1797 tur,
166 1755 203 1791 sed
219 1754 313 1797 primum
330 1765 367 1792 ens
384 1757 479 1791 creatum
494 1755 657 1798 supernaturale
674 1755 778 1792 exsistens
795 1755 817 1790 in
835 1754 934 1791 laenitate

110 1829 141 1864 est
157 1828 203 1869 ipse
220 1830 280 1864 actus
296 1827 458 1865 indeliberatus.
476 1826 549 1865 Oritur
564 1836 621 1871 ergo·
631 1830 689 1864 actus
706 1838 748 1871 qua
764 1826 934 1870 supernaturalis

111 1909 154 1935 non
169 1909 209 1941 per
224 1898 365 1936 elevationem
380 1899 488 1935 internam
503 1898 525 1934 in
540 1899 641 1936 facultate
657 1901 772 1942 receptam,
788 1899 825 1936 sed
840 1910 880 1942 per
894 1899 934 1936 ele-

111 1970 226 2013 vationem,
242 1981 295 2014 quae
312 1970 393 2007 dicitur
408 1972 505 2013 externa;
523 1973 619 2007 creatura
635 1971 657 2007 in
673 1971 715 2007 hoc
730 1973 778 2007 actu
793 1969 934 2014 producendo

110 2045 211 2086 operatur
224 2043 342 2079 secundum
355 2042 473 2085 potentiam
485 2042 664 2079 oboedientialem
677 2043 751 2080 stricte
762 2042 860 2080 activam.
871 2042 935 2079 Actus

111 2115 133 2150 in
147 2117 250 2159 quantum
264 2114 363 2158 procedit
377 2126 389 2151 a
402 2118 499 2151 creatura
513 2117 544 2151 est
556 2114 633 2155 vitalis.
647 2115 668 2150 in
684 2118 785 2158 quantum
800 2115 857 2151 Dens
871 2114 935 2151 modo

111 2186 148 2222 illo
164 2185 254 2229 speciali
271 2186 388 2229 concurrit,
405 2188 436 2223 est
451 2187 627 2229 supernaturalis.

164 2257 239 2302 Pesch,
255 2259 291 2302 qui
308 2259 365 2295 hanc
382 2258 510 2295 sententiam
528 2258 631 2301 defendit,
648 2259 677 2295 ita
695 2270 741 2295 eam
758 2258 857 2302 exponit:
878 2259 936 2295 «Ita-

112 2341 152 2374 que
166 2330 229 2372 Dens,
246 2340 294 2366 curn
309 2330 420 2366 intellectu
434 2332 454 2367 et
469 2329 578 2367 voluntate
594 2332 664 2367 creata
680 2330 756 2367 intime
771 2330 899 2367 coniunctus
915 2333 935 2366 et

112 2402 245 2438 constituens
258 2412 324 2438 uuum
336 2401 478 2445 adaequatum
492 2402 625 2445 principium
639 2406 705 2444 aetus,
719 2402 830 2439 concurrit
844 2413 892 2439 cum
906 2394 935 2438 fa-

113 2474 191 2510 cultate
204 2477 275 2511 creata
288 2474 344 2510 ultra
357 2474 402 2511 eius
415 2474 534 2510 naturalem
548 2473 673 2516 potentiam,
688 2477 708 2510 et
721 2473 752 2510 sie
765 2473 857 2511 habetur
870 2474 936 2511 facul-

113 2549 144 2581 tas
155 2556 204 2582 vere
216 2549 236 2582 et
247 2546 334 2582 realiter
343 2531 430 2589 elevata,
439 2546 490 2582 licet
502 2546 619 2582 secundum
629 2546 713 2582 interna
726 2545 864 2582 constitutiva
876 2556 936 2588 pror-

161 2717 177 2737 47
192 2713 220 2745 Cf.
235 2723 294 2751 supra
306 2722 348 2752 pag.
363 2713 403 2746 309.
