1952 3093
363 689 365 692 Α
412 628 500 686 PARS
518 628 632 683 SEXTA

148 780 222 841 ue
253 754 638 838 orsrarssurloue
671 781 880 838 naariae

162 1031 234 1070 Gratia
255 1035 345 1071 actualis
364 1039 395 1071 est
415 1044 493 1070 sanans
513 1037 532 1071 et
553 1034 644 1071 elevans.
664 1034 706 1071 Sub
726 1037 816 1078 utroque
835 1039 934 1078 respectu

109 1108 139 1141 cst
154 1104 250 1142 absolute
264 1106 397 1143 necessaria:
413 1109 517 1150 quatenus
532 1110 564 1143 est
577 1116 662 1151 sanans,
676 1109 699 1143 ut
712 1107 777 1144 homo
791 1107 814 1142 in
829 1109 885 1144 statu
899 1117 935 1144 na.-

109 1179 168 1214 lurae
182 1179 256 1221 lapsae
270 1181 290 1215 et
305 1181 417 1222 reparatae
431 1178 501 1222 possit
515 1178 583 1217 vitare
598 1181 717 1223 peccatum,
732 1183 752 1215 et
767 1179 798 1216 sic
812 1179 935 1216 necessaria

109 1254 140 1286 est
155 1251 323 1293 peccatoribusl
340 1256 360 1288 et
377 1250 526 1296 iustificatts2;
541 1255 564 1288 ut
580 1251 666 1288 elevans
681 1251 804 1288 necessaria
820 1254 852 1288 est
866 1252 935 1295 gratia

108 1322 136 1359 ad
155 1326 215 1359 actus
234 1323 338 1360 salutares
357 1326 402 1360 tum
420 1324 530 1366 peccatori
548 1324 571 1360 in
590 1323 734 1367 dispositione
753 1323 781 1360 ad
798 1322 935 1360 iustificatio-

109 1404 158 1431 nem
166 1398 181 1438 ³,
196 1398 242 1431 tum
256 1395 319 1433 iustis
335 1396 363 1432 ad
378 1399 438 1432 actus
454 1396 577 1432 meritorios
585 1402 600 1433 4.
615 1395 671 1438 Ergo
685 1396 754 1439 gratia
770 1395 860 1432 actualis
876 1396 935 1432 omni

109 1467 182 1505 adulto
195 1467 292 1504 absolute
306 1468 428 1504 necessaria
442 1467 511 1504 estad
525 1467 700 1512 consequendam
713 1470 822 1505 aeternam
836 1467 935 1511 salutem;

109 1539 156 1578 sine
167 1540 205 1576 illa
218 1539 310 1583 physice
322 1543 343 1577 et
355 1540 465 1577 moraliter
478 1539 613 1583 impossihile
627 1543 658 1577 est
671 1540 801 1577 adsalutem
815 1539 935 1582 pervenire.

163 1618 237 1656 Oritur
256 1619 364 1662 quaestio:
385 1618 477 1655 habetne
497 1618 588 1662 quilibet
608 1618 693 1655 adultus
713 1617 772 1654 illam
792 1617 889 1661 gratiam,
907 1627 934 1653 an

110 1693 159 1727 sunt
175 1691 281 1733 homines,
297 1690 376 1735 quihus
392 1690 503 1728 moraliter
519 1693 539 1727 et
553 1690 644 1734 physice
661 1690 796 1733 impossihile
813 1693 845 1726 est
859 1690 889 1726 ad
904 1700 936 1726 sa-

109 1763 174 1799 lutem
190 1763 305 1806 pervenire
320 1762 347 1799 ob
365 1763 472 1799 detectum
486 1762 580 1805 gratiaci
595 1762 652 1799 Haec
667 1762 765 1806 quaestio
779 1762 868 1799 tractari
883 1761 936 1798 solet

110 1836 143 1872 vel
159 1836 197 1872 sub
213 1836 286 1873 titulo:
304 1836 336 1871 De
352 1834 505 1872 distributione
520 1834 607 1878 gratiae,
622 1835 656 1872 vel
672 1835 698 1871 de
713 1830 875 1871 universalitate
890 1842 936 1877 gra·

110 1908 158 1951 tiae,
172 1908 223 1952 quia
235 1907 323 1944 tandem
335 1907 452 1951 aliquando
466 1907 562 1950 quaestio
576 1910 614 1949 est,
627 1910 699 1943 utrum
713 1916 787 1944 omnes
798 1906 889 1949 gratiam
901 1915 937 1942 ne-

110 1980 225 2016 cessariam
242 1979 359 2023 accipiant.

163 2057 185 2094 Si
203 2058 326 2101 applicatur
343 2057 371 2094 ad
388 2058 463 2099 iustos,
481 2067 555 2093 sensus
572 2056 706 2100 quaestionis
722 2059 763 2093 est:
783 2055 875 2092 habetne
892 2056 938 2099 qui-

111 2131 164 2168 libet
176 2131 245 2167 iustus
258 2129 356 2173 gratiam,
369 2139 411 2173 qua
423 2129 492 2171 possit
504 2129 572 2165 vitare
585 2131 698 2172 peccatum
710 2128 800 2165 mortale
814 2132 835 2165 et
847 2127 937 2170 implere

112 2202 241 2245 praecepta?
254 2201 329 2245 Quoad
341 2203 467 2245 peccatores
479 2211 563 2244 quoque
575 2201 692 2255 quaeritur,
704 2203 775 2244 utrum
786 2199 880 2236 habeant
892 2208 938 2242 gra-

113 2275 164 2312 tiam
175 2274 204 2311 ad
216 2273 305 2311 vitanda
315 2273 419 2310 ulteriora
432 2276 527 2315 peccata,
540 2272 577 2309 sed
591 2273 690 2315 maxime,
703 2275 774 2308 utrum
787 2271 881 2308 habeant
893 2280 938 2313 gra-

112 2347 164 2384 tiam
179 2346 207 2384 ad
221 2345 393 2383 conversionem.

161 2519 169 2539 ¹
182 2513 239 2548 Thes.
253 2514 282 2547 11.

160 2579 169 2600 ²
181 2574 238 2607 Thes.
251 2574 280 2613 12,
294 2570 338 2612 pag'.
353 2572 387 2605 243
403 2582 429 2606 ss.

162 2634 240 2669 3ΤΙιεε.
254 2634 296 2668 tet
310 2632 327 2667 8.

162 2702 169 2720 4
183 2695 227 2733 Pag.
245 2694 285 2729 315.
