1952 3093
467 81 588 118 -178-

115 204 172 242 thesi
183 204 273 248 probata
286 205 335 241 talis
347 203 433 241 videtur
446 214 498 247 esse,
511 206 534 240 ut
547 204 630 240 viribus
643 202 739 240 hominis
751 202 834 246 aliquid
847 202 902 239 desit
914 203 942 239 ad

115 276 229 319 ponendos
239 277 288 313 illos
300 279 366 319 actus,
377 275 400 313 id
412 276 470 320 quod
482 277 504 312 in
515 276 557 312 hac
568 275 684 319 hypothesi
696 275 740 311 iam
752 274 796 311 dici
808 284 852 311 non
862 277 942 318 posset.

168 354 241 398 Neque
255 354 278 390 in
293 365 318 391 eo
332 354 451 391 consistere
463 357 534 397 potest
547 353 601 390 haec
613 352 726 397 perfectio,
740 353 799 397 quod
813 356 873 390 actus
887 353 941 389 salu-

116 427 169 463 taris
184 427 266 464 maiore
280 425 429 469 delectatione,
445 430 507 469 gustu
522 425 630 468 spirituali
645 428 684 463 etc.
700 427 827 469 poneretur;
843 435 893 461 nam
910 425 941 461 sic

115 508 158 535 non
169 499 211 534 iam
222 498 384 541 intelligeretur,
395 509 433 535 cur
443 499 512 541 gratia
522 498 549 534 sit
558 498 681 534 necessaria
690 497 717 533 ad
728 497 857 540 simpliciter
867 508 940 541 posse;

114 573 226 613 praeterea
239 581 279 614 pro
290 570 374 607 actibus
387 570 517 607 salutaribus
530 580 639 614 nunquam
652 572 761 613 tamquam
773 569 894 606 essentialis
907 580 941 606 ex-

116 643 182 686 igitur
197 642 310 680 delectatio
327 642 428 685 specialis
443 642 477 678 vel
492 642 592 678 facilitas.

167 720 264 757 Tandem
281 721 367 757 exclusa
383 721 470 757 videtur
485 720 597 763 sententia,
615 730 669 763 quae
686 720 767 756 diceret
783 719 940 763 perfectionem

115 795 175 829 actus
187 792 287 829 salutaris
299 792 417 830 consistere
429 793 451 828 in
464 804 495 836 eo,
507 791 565 836 quod
576 792 603 828 sit
615 792 785 834 supernaturalis
797 791 820 827 in
832 791 885 834 fieri,
896 801 939 828 non

116 867 186 901 autem
200 864 222 901 in
235 865 293 901 tacto
308 875 363 908 esse;
378 874 428 901 nam
441 864 471 900 ita
482 864 598 900 haberetur
611 867 677 907 actus,
691 864 728 907 qui
742 864 860 901 secundum
874 866 940 900 totam

115 947 175 973 suam
188 937 298 973 entitatem
310 937 374 973 etiam
387 937 433 974 sine
444 937 512 979 gratia
524 936 616 979 produci
629 939 711 980 posset;
725 939 745 972 et
757 938 868 979 praeterea
881 939 940 972 actus

115 1011 147 1045 est
161 1008 280 1052 disponens
293 1019 337 1046 non
349 1008 433 1046 ratione
447 1008 544 1052 originis,
558 1009 596 1045 sed
609 1007 659 1052 quia
673 1011 705 1045 est
716 1008 772 1045 talis.

168 1085 261 1129 «Itaque
274 1089 340 1139 restat
353 1089 376 1122 ut
391 1086 495 1130 dicamus,
509 1088 580 1122 actum
594 1086 684 1135 bonum,
697 1085 752 1122 sicut
766 1089 851 1128 oportet
865 1085 892 1121 ad
908 1096 939 1122 sa-

112 1158 186 1202 lutem,
202 1169 227 1194 ea
243 1158 336 1201 gaudere
353 1158 494 1201 perfectione,
510 1168 564 1202 quae
582 1158 610 1195 sit
626 1158 744 1195 intrinsece
762 1151 938 1200 supernaturalis,

113 1229 165 1268 he.
179 1229 297 1266 intrinsece
311 1230 452 1267 excellentior
465 1229 599 1272 perfectione
614 1216 647 1273 ea,
658 1241 712 1274 quae
725 1240 765 1273 per
778 1229 836 1267 vires
850 1232 939 1266 naturae

114 1304 185 1344 potest
203 1302 286 1338 actibus
305 1302 437 1345 comparari3
458 1302 549 1345 ideoque
570 1302 657 1339 modum
676 1303 824 1345 perfectionis,
844 1302 881 1345 qui
900 1312 939 1344 per

94 1411 95 1414 Ἴ
113 1373 179 1410 verba
196 1373 252 1410 sicut
270 1376 360 1417 oportet,
380 1373 519 1417 significatur,
538 1385 584 1411 esse
603 1374 690 1411 modum
709 1374 852 1411 intrinsecum
872 1376 937 1416 actus,

112 1456 154 1488 quo
166 1446 211 1482 eius
223 1445 316 1483 essentia
328 1446 476 1489 constituitur3
488 1446 604 1483 etidcirco
615 1449 704 1489 propter
716 1456 762 1482 eam
774 1446 937 1498 perfectionem,

113 1527 167 1560 quae
181 1520 240 1554 actus
252 1518 370 1554 intrinsece
383 1519 553 1561 supernaturalis
566 1518 655 1561 propria
668 1521 705 1560 est,
719 1518 800 1562 requiri
813 1518 903 1561 gratiam
916 1522 938 1554 nt

114 1589 183 1631 possit
198 1589 245 1626 fieri
264 1601 275 1625 a
293 1590 418 1627 nobis»12³.

112 1805 154 1848 Ergo
167 1807 222 1848 gratia
234 1795 312 1840 actualis
320 1808 389 1840 elevans
402 1810 429 1841 est
441 1808 502 1841 donum
515 1808 574 1841 stricte
587 1808 683 1849 gratuitum,
696 1808 742 1841 nullo
755 1809 805 1841 modo
818 1808 897 1842 delitum.

165 1930 222 1967 llaec
235 1930 290 1966 ratio
305 1930 398 1967 indebiti
413 1930 489 1973 paucis
505 1930 575 1968 adhuc
591 1931 721 1968 declaranda
736 1934 773 1968 est.

165 2001 184 2040 1)
202 2001 249 2038 Non
268 2001 357 2039 debetur
372 2002 441 2045 gratia
459 2003 548 2039 actualis
566 2003 685 2046 exigentiae
702 2004 771 2046 ipsius
788 2006 884 2040 naturae.
901 1997 935 2041 Se·

112 2074 206 2110 cundum
221 2073 313 2110 Baianos
330 2074 387 2111 dona
401 2074 460 2110 Adae
476 2075 499 2110 in
516 2075 625 2112 creatione
641 2075 719 2112 collata
735 2075 807 2112 dehita
824 2079 885 2112 erant
899 2086 935 2113 na-

111 2148 170 2181 turae
184 2146 289 2189 integrae;
303 2156 360 2182 nunc
374 2149 444 2182 autem
457 2149 507 2182 sunt
519 2146 623 2190 indebita,
636 2150 741 2191 quatenus
753 2150 829 2184 natura
841 2148 935 2184 humana

111 2220 200 2259 peccato
213 2217 306 2261 positive
319 2229 340 2254 se
354 2216 467 2261 indignam
480 2218 577 2256 reddidit
588 2219 623 2255 his
638 2219 700 2256 donis
709 2223 742 2256 124.
756 2220 873 2257 Damnatae
886 2223 935 2256 sunt

111 2288 149 2326 Bai
165 2289 338 2332 propositiones:
359 2289 490 2327 «Humanae
507 2293 595 2327 naturae
614 2290 737 2328 sublimatio
755 2294 775 2328 et
793 2292 894 2329 exaltatio
912 2292 934 2327 in

111 2358 244 2398 censortium
259 2361 345 2398 divinae
358 2366 448 2399 naturae
462 2362 535 2399 dehita
546 2363 587 2399 fuit
600 2363 719 2407 integritati
732 2364 815 2406 primae
829 2364 935 2401 conditio-

111 2430 152 2477 nis,
169 2437 189 2470 et
204 2434 296 2476 proinde
314 2435 418 2471 naturalis
435 2433 527 2471 dicenda
544 2438 580 2478 est,
597 2438 617 2471 et
634 2445 677 2472 non
696 2436 892 2478 supernaturalis».
908 2459 936 2463 —

158 2625 184 2645 1³2³
198 2621 297 2659 Palmieri,
311 2622 338 2654 De
352 2623 416 2660 gratia
430 2622 497 2655 diviua
513 2623 592 2661 actuali,
607 2630 649 2661 pag.
664 2623 704 2655 184.

157 2685 183 2705 124
197 2681 226 2713 cf.
239 2682 259 2713 in
271 2684 356 2714 tractatu
369 2682 396 2714 De
407 2683 447 2714 Deo
459 2682 547 2715 elevante
561 2683 696 2722 quaestionem
710 2683 733 2715 dc
747 2683 880 2722 possibilitate
894 2686 933 2716 sta-

109 2745 141 2774 tus
154 2744 236 2774 naturae
249 2751 315 2780 purae.
