<?xml version="1.0" encoding="UTF-8"?>
<!DOCTYPE html PUBLIC "-//W3C//DTD XHTML 1.0 Transitional//EN"
    "http://www.w3.org/TR/xhtml1/DTD/xhtml1-transitional.dtd">
<html xmlns="http://www.w3.org/1999/xhtml" xml:lang="en" lang="en">
 <head>
  <title>
</title>
<meta http-equiv="Content-Type" content="text/html;charset=utf-8" />
  <meta name='ocr-system' content='tesseract 3.04.00' />
  <meta name='ocr-capabilities' content='ocr_page ocr_carea ocr_par ocr_line ocrx_word'/>
</head>
<body>
  <div class='ocr_page' id='page_1' title='image "./MN41638ucmf_6_0140.png"; bbox 0 0 1952 3093; ppageno 0'>
   <div class='ocr_carea' id='block_1_1' title="bbox 443 24 602 62">
    <p class='ocr_par' dir='ltr' id='par_1_1' title="bbox 443 24 602 62">
     <span class='ocr_line' id='line_1_1' title="bbox 443 24 602 62; baseline 0.006 -1"><span class='ocrx_word' id='word_1_1' title='bbox 443 24 602 62; x_wconf 31' lang='lat'>2120-</span> 
     </span>
    </p>
   </div>
   <div class='ocr_carea' id='block_1_2' title="bbox 127 148 952 1485">
    <p class='ocr_par' dir='ltr' id='par_1_2' title="bbox 129 148 951 259">
     <span class='ocr_line' id='line_1_2' title="bbox 129 148 951 194; baseline 0.004 -8"><span class='ocrx_word' id='word_1_2' title='bbox 129 150 186 187; x_wconf 87' lang='lat' dir='ltr'>clare</span> <span class='ocrx_word' id='word_1_3' title='bbox 197 149 270 187; x_wconf 81' lang='lat' dir='ltr'>doceri</span> <span class='ocrx_word' id='word_1_4' title='bbox 279 159 292 186; x_wconf 84' lang='lat' dir='ltr'>a</span> <span class='ocrx_word' id='word_1_5' title='bbox 302 160 318 187; x_wconf 84' lang='lat' dir='ltr'>s.</span> <span class='ocrx_word' id='word_1_6' title='bbox 325 149 392 187; x_wconf 88' lang='lat' dir='ltr'>Paulo</span> <span class='ocrx_word' id='word_1_7' title='bbox 400 149 455 188; x_wconf 90' lang='lat' dir='ltr'>Rom</span> <span class='ocrx_word' id='word_1_8' title='bbox 465 150 483 188; x_wconf 85' lang='lat'>5.</span> <span class='ocrx_word' id='word_1_9' title='bbox 492 148 519 187; x_wconf 86' lang='lat' dir='ltr'>Et</span> <span class='ocrx_word' id='word_1_10' title='bbox 528 150 558 186; x_wconf 90' lang='lat' dir='ltr'>ita</span> <span class='ocrx_word' id='word_1_11' title='bbox 566 150 589 186; x_wconf 92' lang='lat' dir='ltr'>in</span> <span class='ocrx_word' id='word_1_12' title='bbox 599 148 710 187; x_wconf 87' lang='lat' dir='ltr'>definitiva</span> <span class='ocrx_word' id='word_1_13' title='bbox 719 149 790 186; x_wconf 84' lang='lat' dir='ltr'>torma</span> <span class='ocrx_word' id='word_1_14' title='bbox 800 148 881 186; x_wconf 82' lang='lat' dir='ltr'>decreti</span> <span class='ocrx_word' id='word_1_15' title='bbox 891 161 902 186; x_wconf 85' lang='lat'>«</span> <span class='ocrx_word' id='word_1_16' title='bbox 910 151 951 194; x_wconf 80' lang='lat' dir='ltr'>glo-</span> 
     </span>
     <span class='ocr_line' id='line_1_3' title="bbox 129 221 456 259; baseline 0.003 -1"><span class='ocrx_word' id='word_1_17' title='bbox 129 222 161 258; x_wconf 89' lang='lat' dir='ltr'>ria</span> <span class='ocrx_word' id='word_1_18' title='bbox 174 221 255 258; x_wconf 83' lang='lat' dir='ltr'>Christi</span> <span class='ocrx_word' id='word_1_19' title='bbox 263 234 274 257; x_wconf 88' lang='lat'>»</span> <span class='ocrx_word' id='word_1_20' title='bbox 287 223 370 258; x_wconf 88' lang='lat' dir='ltr'>retenta</span> <span class='ocrx_word' id='word_1_21' title='bbox 384 225 415 258; x_wconf 90' lang='lat' dir='ltr'>est</span> <span class='ocrx_word' id='word_1_22' title='bbox 421 225 456 259; x_wconf 62' lang='lat'>1²⁰.</span> 
     </span>
    </p>

    <p class='ocr_par' dir='ltr' id='par_1_3' title="bbox 128 292 952 624">
     <span class='ocr_line' id='line_1_4' title="bbox 183 292 952 337; baseline 0.003 -6"><span class='ocrx_word' id='word_1_23' title='bbox 183 292 250 331; x_wconf 82' lang='lat' dir='ltr'>Causa</span> <span class='ocrx_word' id='word_1_24' title='bbox 267 292 387 337; x_wconf 69' lang='lat' dir='ltr'>«efficiens</span> <span class='ocrx_word' id='word_1_25' title='bbox 403 304 454 330; x_wconf 86' lang='lat' dir='ltr'>vero</span> <span class='ocrx_word' id='word_1_26' title='bbox 468 293 593 330; x_wconf 84' lang='lat' dir='ltr'><strong>misericors</strong></span> <span class='ocrx_word' id='word_1_27' title='bbox 608 293 672 336; x_wconf 88' lang='lat' dir='ltr'>Deus,</span> <span class='ocrx_word' id='word_1_28' title='bbox 688 294 725 336; x_wconf 88' lang='lat' dir='ltr'>qui</span> <span class='ocrx_word' id='word_1_29' title='bbox 741 293 833 336; x_wconf 82' lang='lat' dir='ltr'>gratuito</span> <span class='ocrx_word' id='word_1_30' title='bbox 850 292 918 330; x_wconf 90' lang='lat' dir='ltr'>abluit</span> <span class='ocrx_word' id='word_1_31' title='bbox 933 300 952 333; x_wconf 91' lang='lat' dir='ltr'>et</span> 
     </span>
     <span class='ocr_line' id='line_1_5' title="bbox 129 364 951 409; baseline 0.002 -7"><span class='ocrx_word' id='word_1_32' title='bbox 129 364 249 402; x_wconf 82' lang='lat' dir='ltr'>sanctificat</span> <span class='ocrx_word' id='word_1_33' title='bbox 264 365 352 408; x_wconf 81' lang='lat' dir='ltr'>signans</span> <span class='ocrx_word' id='word_1_34' title='bbox 368 368 389 402; x_wconf 90' lang='lat' dir='ltr'>et</span> <span class='ocrx_word' id='word_1_35' title='bbox 403 375 486 409; x_wconf 81' lang='lat' dir='ltr'>ungens</span> <span class='ocrx_word' id='word_1_36' title='bbox 502 364 584 408; x_wconf 84' lang='lat' dir='ltr'>Spiritu</span> <span class='ocrx_word' id='word_1_37' title='bbox 598 365 752 408; x_wconf 82' lang='lat' dir='ltr'>promissionis</span> <span class='ocrx_word' id='word_1_38' title='bbox 768 364 852 407; x_wconf 87' lang='lat' dir='ltr'>Sancto,</span> <span class='ocrx_word' id='word_1_39' title='bbox 869 364 906 408; x_wconf 81' lang='lat' dir='ltr'>qui</span> <span class='ocrx_word' id='word_1_40' title='bbox 922 372 951 404; x_wconf 88' lang='lat' dir='ltr'>est</span> 
     </span>
     <span class='ocr_line' id='line_1_6' title="bbox 128 435 950 483; baseline 0.004 -11"><span class='ocrx_word' id='word_1_41' title='bbox 128 436 206 480; x_wconf 80' lang='lat' dir='ltr'>pignus</span> <span class='ocrx_word' id='word_1_42' title='bbox 220 436 348 473; x_wconf 86' lang='lat' dir='ltr'>hereditatis</span> <span class='ocrx_word' id='word_1_43' title='bbox 360 439 447 474; x_wconf 89' lang='lat' dir='ltr'>nostrae</span> <span class='ocrx_word' id='word_1_44' title='bbox 456 449 474 473; x_wconf 85' lang='lat'>».</span> <span class='ocrx_word' id='word_1_45' title='bbox 487 436 567 474; x_wconf 88' lang='lat' dir='ltr'>Mentio</span> <span class='ocrx_word' id='word_1_46' title='bbox 582 437 639 474; x_wconf 85' lang='lat' dir='ltr'>facta</span> <span class='ocrx_word' id='word_1_47' title='bbox 652 447 696 474; x_wconf 93' lang='lat' dir='ltr'>non</span> <span class='ocrx_word' id='word_1_48' title='bbox 710 439 741 473; x_wconf 89' lang='lat' dir='ltr'>est</span> <span class='ocrx_word' id='word_1_49' title='bbox 756 435 836 473; x_wconf 78' lang='lat' dir='ltr'>Christi</span> <span class='ocrx_word' id='word_1_50' title='bbox 850 436 950 483; x_wconf 84' lang='lat' dir='ltr'>hominis,</span> 
     </span>
     <span class='ocr_line' id='line_1_7' title="bbox 129 507 951 552; baseline 0.002 -8"><span class='ocrx_word' id='word_1_51' title='bbox 129 519 178 545; x_wconf 87' lang='lat' dir='ltr'>eum</span> <span class='ocrx_word' id='word_1_52' title='bbox 194 508 252 545; x_wconf 86' lang='lat' dir='ltr'>inter</span> <span class='ocrx_word' id='word_1_53' title='bbox 267 509 379 552; x_wconf 81' lang='lat' dir='ltr'>theologos</span> <span class='ocrx_word' id='word_1_54' title='bbox 396 508 523 552; x_wconf 86' lang='lat' dir='ltr'>disputetur,</span> <span class='ocrx_word' id='word_1_55' title='bbox 539 519 565 545; x_wconf 89' lang='lat' dir='ltr'>an</span> <span class='ocrx_word' id='word_1_56' title='bbox 583 507 681 546; x_wconf 88' lang='lat' dir='ltr'>Christus</span> <span class='ocrx_word' id='word_1_57' title='bbox 698 512 721 545; x_wconf 95' lang='lat' dir='ltr'>ut</span> <span class='ocrx_word' id='word_1_58' title='bbox 737 508 802 545; x_wconf 89' lang='lat' dir='ltr'>homo</span> <span class='ocrx_word' id='word_1_59' title='bbox 819 508 882 545; x_wconf 90' lang='lat' dir='ltr'>aliter</span> <span class='ocrx_word' id='word_1_60' title='bbox 898 508 951 546; x_wconf 87' lang='lat' dir='ltr'>iece-</span> 
     </span>
     <span class='ocr_line' id='line_1_8' title="bbox 128 579 951 624; baseline 0.005 -8"><span class='ocrx_word' id='word_1_61' title='bbox 128 580 157 617; x_wconf 90' lang='lat' dir='ltr'>rit</span> <span class='ocrx_word' id='word_1_62' title='bbox 166 579 342 617; x_wconf 76' lang='lat' dir='ltr'>justificationem</span> <span class='ocrx_word' id='word_1_63' title='bbox 353 583 450 618; x_wconf 86' lang='lat' dir='ltr'>nostram</span> <span class='ocrx_word' id='word_1_64' title='bbox 461 591 525 624; x_wconf 85' lang='lat' dir='ltr'>quam</span> <span class='ocrx_word' id='word_1_65' title='bbox 537 580 640 618; x_wconf 88' lang='lat' dir='ltr'>merendo</span> <span class='ocrx_word' id='word_1_66' title='bbox 652 580 712 617; x_wconf 87' lang='lat' dir='ltr'>illam</span> <span class='ocrx_word' id='word_1_67' title='bbox 724 583 744 617; x_wconf 92' lang='lat' dir='ltr'>et</span> <span class='ocrx_word' id='word_1_68' title='bbox 754 579 911 617; x_wconf 81' lang='lat' dir='ltr'>satisfaciendo</span> <span class='ocrx_word' id='word_1_69' title='bbox 919 584 951 620; x_wconf 65' lang='grc'><strong>111.</strong></span> 
     </span>
    </p>

    <p class='ocr_par' dir='ltr' id='par_1_4' title="bbox 127 641 952 983">
     <span class='ocr_line' id='line_1_9' title="bbox 182 641 951 696; baseline -0.001 -6"><span class='ocrx_word' id='word_1_70' title='bbox 182 651 251 690; x_wconf 80' lang='lat' dir='ltr'>Causa</span> <span class='ocrx_word' id='word_1_71' title='bbox 266 652 398 690; x_wconf 73' lang='lat' dir='ltr'>«meritoria</span> <span class='ocrx_word' id='word_1_72' title='bbox 412 655 483 690; x_wconf 89' lang='lat' dir='ltr'>autem</span> <span class='ocrx_word' id='word_1_73' title='bbox 498 651 652 689; x_wconf 82' lang='lat' dir='ltr'>dilectissimus</span> <span class='ocrx_word' id='word_1_74' title='bbox 666 652 795 696; x_wconf 81' lang='lat' dir='ltr'>Unigenitus</span> <span class='ocrx_word' id='word_1_75' title='bbox 811 662 867 695; x_wconf 87' lang='lat' dir='ltr'>suus,</span> <span class='ocrx_word' id='word_1_76' title='bbox 881 641 951 689; x_wconf 89' lang='lat' dir='ltr'>Domi-</span> 
     </span>
     <span class='ocr_line' id='line_1_10' title="bbox 128 723 952 768; baseline 0.001 -8"><span class='ocrx_word' id='word_1_77' title='bbox 128 734 170 760; x_wconf 86' lang='lat' dir='ltr'>nus</span> <span class='ocrx_word' id='word_1_78' title='bbox 185 726 259 760; x_wconf 90' lang='lat' dir='ltr'>noster</span> <span class='ocrx_word' id='word_1_79' title='bbox 275 723 335 762; x_wconf 90' lang='lat' dir='ltr'>Iesus</span> <span class='ocrx_word' id='word_1_80' title='bbox 352 723 457 767; x_wconf 86' lang='lat' dir='ltr'>Christus,</span> <span class='ocrx_word' id='word_1_81' title='bbox 474 724 511 768; x_wconf 87' lang='lat' dir='ltr'>qui</span> <span class='ocrx_word' id='word_1_82' title='bbox 528 734 576 761; x_wconf 88' lang='lat' dir='ltr'>cum</span> <span class='ocrx_word' id='word_1_83' title='bbox 593 734 687 761; x_wconf 85' lang='lat' dir='ltr'>essemus</span> <span class='ocrx_word' id='word_1_84' title='bbox 705 723 797 767; x_wconf 80' lang='lat' dir='ltr'>inimici,</span> <span class='ocrx_word' id='word_1_85' title='bbox 814 726 905 767; x_wconf 91' lang='lat' dir='ltr'>propter</span> <span class='ocrx_word' id='word_1_86' title='bbox 921 725 952 761; x_wconf 95' lang='lat' dir='ltr'>ni-</span> 
     </span>
     <span class='ocr_line' id='line_1_11' title="bbox 127 795 950 840; baseline 0.002 -8"><span class='ocrx_word' id='word_1_87' title='bbox 127 795 193 832; x_wconf 89' lang='lat' dir='ltr'>miam</span> <span class='ocrx_word' id='word_1_88' title='bbox 208 797 319 833; x_wconf 86' lang='lat' dir='ltr'>caritatem</span> <span class='ocrx_word' id='word_1_89' title='bbox 332 807 374 840; x_wconf 83' lang='lat' dir='ltr'>qua</span> <span class='ocrx_word' id='word_1_90' title='bbox 389 796 465 833; x_wconf 84' lang='lat' dir='ltr'>dilexit</span> <span class='ocrx_word' id='word_1_91' title='bbox 478 806 524 840; x_wconf 88' lang='lat' dir='ltr'>nos,</span> <span class='ocrx_word' id='word_1_92' title='bbox 539 807 577 833; x_wconf 88' lang='lat' dir='ltr'>sua</span> <span class='ocrx_word' id='word_1_93' title='bbox 590 796 727 833; x_wconf 81' lang='lat' dir='ltr'>sanctissima</span> <span class='ocrx_word' id='word_1_94' title='bbox 740 795 842 839; x_wconf 82' lang='lat' dir='ltr'>passione</span> <span class='ocrx_word' id='word_1_95' title='bbox 855 795 878 831; x_wconf 90' lang='lat' dir='ltr'>in</span> <span class='ocrx_word' id='word_1_96' title='bbox 893 795 950 839; x_wconf 84' lang='lat' dir='ltr'>ligno</span> 
     </span>
     <span class='ocr_line' id='line_1_12' title="bbox 128 867 951 911; baseline 0.001 -7"><span class='ocrx_word' id='word_1_97' title='bbox 128 867 200 904; x_wconf 86' lang='lat' dir='ltr'>erucis</span> <span class='ocrx_word' id='word_1_98' title='bbox 211 867 275 907; x_wconf 88' lang='lat' dir='ltr'>nohis</span> <span class='ocrx_word' id='word_1_99' title='bbox 287 867 463 905; x_wconf 82' lang='lat' dir='ltr'>iustificationem</span> <span class='ocrx_word' id='word_1_100' title='bbox 476 868 561 911; x_wconf 88' lang='lat' dir='ltr'>meruit,</span> <span class='ocrx_word' id='word_1_101' title='bbox 575 871 595 904; x_wconf 90' lang='lat' dir='ltr'>et</span> <span class='ocrx_word' id='word_1_102' title='bbox 607 878 648 911; x_wconf 90' lang='lat' dir='ltr'>pro</span> <span class='ocrx_word' id='word_1_103' title='bbox 662 867 725 905; x_wconf 86' lang='lat' dir='ltr'>nobis</span> <span class='ocrx_word' id='word_1_104' title='bbox 738 868 783 905; x_wconf 92' lang='lat' dir='ltr'>Deo</span> <span class='ocrx_word' id='word_1_105' title='bbox 796 867 856 904; x_wconf 90' lang='lat' dir='ltr'>Patri</span> <span class='ocrx_word' id='word_1_106' title='bbox 869 867 951 905; x_wconf 85' lang='lat' dir='ltr'>satisfe-</span> 
     </span>
     <span class='ocr_line' id='line_1_13' title="bbox 128 939 913 983; baseline 0 -7"><span class='ocrx_word' id='word_1_107' title='bbox 128 939 219 977; x_wconf 66' lang='lat' dir='ltr'>citsffl.</span> <span class='ocrx_word' id='word_1_108' title='bbox 233 940 264 976; x_wconf 89' lang='lat' dir='ltr'>De</span> <span class='ocrx_word' id='word_1_109' title='bbox 276 939 318 977; x_wconf 87' lang='lat' dir='ltr'>hae</span> <span class='ocrx_word' id='word_1_110' title='bbox 333 951 356 977; x_wconf 89' lang='lat' dir='ltr'>re</span> <span class='ocrx_word' id='word_1_111' title='bbox 369 939 459 983; x_wconf 84' lang='lat' dir='ltr'>proprie</span> <span class='ocrx_word' id='word_1_112' title='bbox 475 939 556 977; x_wconf 89' lang='lat' dir='ltr'>dicitur</span> <span class='ocrx_word' id='word_1_113' title='bbox 569 940 593 976; x_wconf 91' lang='lat' dir='ltr'>in</span> <span class='ocrx_word' id='word_1_114' title='bbox 608 942 701 976; x_wconf 87' lang='lat' dir='ltr'>tractatu</span> <span class='ocrx_word' id='word_1_115' title='bbox 715 939 741 976; x_wconf 92' lang='lat' dir='ltr'>de</span> <span class='ocrx_word' id='word_1_116' title='bbox 756 939 913 983; x_wconf 74' lang='lat' dir='ltr'>redemptione.</span> 
     </span>
    </p>

    <p class='ocr_par' dir='ltr' id='par_1_5' title="bbox 127 1010 951 1485">
     <span class='ocr_line' id='line_1_14' title="bbox 182 1010 951 1055; baseline 0.003 -9"><span class='ocrx_word' id='word_1_117' title='bbox 182 1011 374 1049; x_wconf 78' lang='lat' dir='ltr'>«instrumentalis</span> <span class='ocrx_word' id='word_1_118' title='bbox 391 1012 444 1049; x_wconf 84' lang='lat' dir='ltr'>item</span> <span class='ocrx_word' id='word_1_119' title='bbox 458 1013 618 1048; x_wconf 87' lang='lat' dir='ltr'>sacramentum</span> <span class='ocrx_word' id='word_1_120' title='bbox 634 1010 744 1055; x_wconf 78' lang='lat' dir='ltr'>baptismi,</span> <span class='ocrx_word' id='word_1_121' title='bbox 760 1010 819 1055; x_wconf 87' lang='lat' dir='ltr'>quod</span> <span class='ocrx_word' id='word_1_122' title='bbox 835 1014 866 1048; x_wconf 87' lang='lat' dir='ltr'>est</span> <span class='ocrx_word' id='word_1_123' title='bbox 883 1021 951 1048; x_wconf 87' lang='lat' dir='ltr'>sacra·</span> 
     </span>
     <span class='ocr_line' id='line_1_15' title="bbox 128 1082 951 1127; baseline 0 -8"><span class='ocrx_word' id='word_1_124' title='bbox 128 1086 224 1120; x_wconf 91' lang='lat' dir='ltr'>mentum</span> <span class='ocrx_word' id='word_1_125' title='bbox 239 1083 297 1126; x_wconf 85' lang='lat' dir='ltr'>fidei,</span> <span class='ocrx_word' id='word_1_126' title='bbox 314 1084 361 1119; x_wconf 86' lang='lat' dir='ltr'>sine</span> <span class='ocrx_word' id='word_1_127' title='bbox 377 1094 420 1127; x_wconf 83' lang='lat' dir='ltr'>qua</span> <span class='ocrx_word' id='word_1_128' title='bbox 435 1083 490 1120; x_wconf 89' lang='lat' dir='ltr'>nulli</span> <span class='ocrx_word' id='word_1_129' title='bbox 506 1093 600 1127; x_wconf 86' lang='lat' dir='ltr'>unquam</span> <span class='ocrx_word' id='word_1_130' title='bbox 618 1083 708 1126; x_wconf 81' lang='lat' dir='ltr'>contigit</span> <span class='ocrx_word' id='word_1_131' title='bbox 724 1082 875 1119; x_wconf 84' lang='lat' dir='ltr'>iustificatio».</span> <span class='ocrx_word' id='word_1_132' title='bbox 891 1083 951 1120; x_wconf 91' lang='lat' dir='ltr'>Solus</span> 
     </span>
     <span class='ocr_line' id='line_1_16' title="bbox 127 1153 950 1199; baseline 0 -8"><span class='ocrx_word' id='word_1_133' title='bbox 127 1154 248 1198; x_wconf 83' lang='lat' dir='ltr'>baptismus</span> <span class='ocrx_word' id='word_1_134' title='bbox 260 1155 390 1199; x_wconf 87' lang='lat' dir='ltr'>nominatur,</span> <span class='ocrx_word' id='word_1_135' title='bbox 404 1154 507 1199; x_wconf 84' lang='lat' dir='ltr'>quiahoc</span> <span class='ocrx_word' id='word_1_136' title='bbox 520 1155 569 1192; x_wconf 91' lang='lat' dir='ltr'>loco</span> <span class='ocrx_word' id='word_1_137' title='bbox 581 1155 653 1198; x_wconf 80' lang='lat' dir='ltr'>agitur</span> <span class='ocrx_word' id='word_1_138' title='bbox 667 1155 692 1192; x_wconf 93' lang='lat' dir='ltr'>de</span> <span class='ocrx_word' id='word_1_139' title='bbox 705 1154 777 1198; x_wconf 83' lang='lat' dir='ltr'>prima</span> <span class='ocrx_word' id='word_1_140' title='bbox 789 1153 950 1199; x_wconf 86' lang='lat' dir='ltr'>iustificatione;</span> 
     </span>
     <span class='ocr_line' id='line_1_17' title="bbox 128 1226 951 1272; baseline 0.001 -10"><span class='ocrx_word' id='word_1_141' title='bbox 128 1229 285 1270; x_wconf 87' lang='lat' dir='ltr'>consequenter</span> <span class='ocrx_word' id='word_1_142' title='bbox 300 1226 422 1272; x_wconf 90' lang='lat' dir='ltr'>dicendum,</span> <span class='ocrx_word' id='word_1_143' title='bbox 436 1226 459 1263; x_wconf 88' lang='lat' dir='ltr'>in</span> <span class='ocrx_word' id='word_1_144' title='bbox 475 1226 538 1263; x_wconf 88' lang='lat' dir='ltr'>tertia</span> <span class='ocrx_word' id='word_1_145' title='bbox 553 1226 706 1264; x_wconf 84' lang='lat' dir='ltr'>iustificatione</span> <span class='ocrx_word' id='word_1_146' title='bbox 719 1237 807 1263; x_wconf 85' lang='lat' dir='ltr'>eausam</span> <span class='ocrx_word' id='word_1_147' title='bbox 822 1226 951 1263; x_wconf 89' lang='lat' dir='ltr'>instrumen-</span> 
     </span>
     <span class='ocr_line' id='line_1_18' title="bbox 127 1296 951 1342; baseline 0.001 -8"><span class='ocrx_word' id='word_1_148' title='bbox 127 1298 191 1334; x_wconf 82' lang='lat' dir='ltr'>talem</span> <span class='ocrx_word' id='word_1_149' title='bbox 205 1309 251 1335; x_wconf 89' lang='lat' dir='ltr'>esse</span> <span class='ocrx_word' id='word_1_150' title='bbox 265 1296 423 1335; x_wconf 88' lang='lat' dir='ltr'>sacramentum</span> <span class='ocrx_word' id='word_1_151' title='bbox 436 1298 591 1342; x_wconf 85' lang='lat' dir='ltr'>paenitentiae;</span> <span class='ocrx_word' id='word_1_152' title='bbox 606 1298 630 1334; x_wconf 93' lang='lat' dir='ltr'>in</span> <span class='ocrx_word' id='word_1_153' title='bbox 645 1298 740 1335; x_wconf 83' lang='lat' dir='ltr'>secunda</span> <span class='ocrx_word' id='word_1_154' title='bbox 753 1309 804 1335; x_wconf 87' lang='lat' dir='ltr'>vero</span> <span class='ocrx_word' id='word_1_155' title='bbox 819 1297 951 1335; x_wconf 86' lang='lat' dir='ltr'>iustificatio-</span> 
     </span>
     <span class='ocr_line' id='line_1_19' title="bbox 127 1369 951 1414; baseline 0.002 -9"><span class='ocrx_word' id='word_1_156' title='bbox 127 1380 161 1413; x_wconf 87' lang='lat' dir='ltr'>ne,</span> <span class='ocrx_word' id='word_1_157' title='bbox 174 1369 197 1406; x_wconf 92' lang='lat' dir='ltr'>id</span> <span class='ocrx_word' id='word_1_158' title='bbox 210 1372 241 1407; x_wconf 86' lang='lat' dir='ltr'>est</span> <span class='ocrx_word' id='word_1_159' title='bbox 253 1369 276 1406; x_wconf 90' lang='lat' dir='ltr'>in</span> <span class='ocrx_word' id='word_1_160' title='bbox 289 1373 403 1413; x_wconf 83' lang='lat' dir='ltr'>augmento</span> <span class='ocrx_word' id='word_1_161' title='bbox 415 1369 498 1414; x_wconf 81' lang='lat' dir='ltr'>gratiae</span> <span class='ocrx_word' id='word_1_162' title='bbox 509 1369 671 1414; x_wconf 81' lang='lat' dir='ltr'>sanctificantis,</span> <span class='ocrx_word' id='word_1_163' title='bbox 683 1371 707 1406; x_wconf 88' lang='lat' dir='ltr'>in</span> <span class='ocrx_word' id='word_1_164' title='bbox 720 1373 824 1414; x_wconf 83' lang='lat' dir='ltr'>quantum</span> <span class='ocrx_word' id='word_1_165' title='bbox 835 1370 951 1407; x_wconf 84' lang='lat' dir='ltr'>intercedit</span> 
     </span>
     <span class='ocr_line' id='line_1_20' title="bbox 128 1441 655 1485; baseline 0 -7"><span class='ocrx_word' id='word_1_166' title='bbox 128 1452 192 1478; x_wconf 80' lang='lat' dir='ltr'>eausa</span> <span class='ocrx_word' id='word_1_167' title='bbox 207 1441 386 1485; x_wconf 80' lang='lat' dir='ltr'>instrumentalis,</span> <span class='ocrx_word' id='word_1_168' title='bbox 400 1444 534 1479; x_wconf 84' lang='lat' dir='ltr'>sacramenta</span> <span class='ocrx_word' id='word_1_169' title='bbox 549 1442 655 1479; x_wconf 89' lang='lat' dir='ltr'>vivorum.</span> 
     </span>
    </p>
   </div>
   <div class='ocr_carea' id='block_1_3' title="bbox 182 1512 950 1558">
    <p class='ocr_par' dir='ltr' id='par_1_6' title="bbox 182 1512 950 1558">
     <span class='ocr_line' id='line_1_21' title="bbox 182 1512 950 1558; baseline 0 -9"><span class='ocrx_word' id='word_1_170' title='bbox 182 1513 292 1549; x_wconf 89' lang='lat' dir='ltr'>«Demum</span> <span class='ocrx_word' id='word_1_171' title='bbox 307 1512 373 1551; x_wconf 82' lang='lat' dir='ltr'>unico</span> <span class='ocrx_word' id='word_1_172' title='bbox 386 1512 485 1557; x_wconf 72' lang='lat' dir='ltr'>formulis</span> <span class='ocrx_word' id='word_1_173' title='bbox 501 1524 565 1550; x_wconf 85' lang='lat' dir='ltr'>eausa</span> <span class='ocrx_word' id='word_1_174' title='bbox 582 1516 613 1550; x_wconf 90' lang='lat' dir='ltr'>est</span> <span class='ocrx_word' id='word_1_175' title='bbox 627 1513 710 1551; x_wconf 87' lang='lat' dir='ltr'>iustitia</span> <span class='ocrx_word' id='word_1_176' title='bbox 725 1513 771 1557; x_wconf 88' lang='lat' dir='ltr'>Dei,</span> <span class='ocrx_word' id='word_1_177' title='bbox 787 1524 831 1551; x_wconf 91' lang='lat' dir='ltr'>nou</span> <span class='ocrx_word' id='word_1_178' title='bbox 846 1524 888 1558; x_wconf 86' lang='lat' dir='ltr'>qua</span> <span class='ocrx_word' id='word_1_179' title='bbox 904 1513 950 1557; x_wconf 90' lang='lat' dir='ltr'>ipse</span> 
     </span>
    </p>
   </div>
   <div class='ocr_carea' id='block_1_4' title="bbox 126 1584 951 2203">
    <p class='ocr_par' dir='ltr' id='par_1_7' title="bbox 126 1584 951 2203">
     <span class='ocr_line' id='line_1_22' title="bbox 127 1584 950 1629; baseline 0.001 -8"><span class='ocrx_word' id='word_1_180' title='bbox 127 1585 197 1622; x_wconf 89' lang='lat' dir='ltr'>iustus</span> <span class='ocrx_word' id='word_1_181' title='bbox 211 1587 248 1628; x_wconf 89' lang='lat' dir='ltr'>est,</span> <span class='ocrx_word' id='word_1_182' title='bbox 263 1585 301 1622; x_wconf 93' lang='lat' dir='ltr'>sed</span> <span class='ocrx_word' id='word_1_183' title='bbox 314 1596 356 1629; x_wconf 86' lang='lat' dir='ltr'>qua</span> <span class='ocrx_word' id='word_1_184' title='bbox 370 1595 409 1622; x_wconf 91' lang='lat' dir='ltr'>nos</span> <span class='ocrx_word' id='word_1_185' title='bbox 424 1585 492 1622; x_wconf 89' lang='lat' dir='ltr'>iustos</span> <span class='ocrx_word' id='word_1_186' title='bbox 506 1585 565 1628; x_wconf 81' lang='lat' dir='ltr'>iacit,</span> <span class='ocrx_word' id='word_1_187' title='bbox 580 1596 622 1629; x_wconf 86' lang='lat' dir='ltr'>qua</span> <span class='ocrx_word' id='word_1_188' title='bbox 634 1585 737 1622; x_wconf 85' lang='lat' dir='ltr'>videlicet</span> <span class='ocrx_word' id='word_1_189' title='bbox 750 1585 776 1622; x_wconf 88' lang='lat' dir='ltr'>ab</span> <span class='ocrx_word' id='word_1_190' title='bbox 792 1596 817 1623; x_wconf 89' lang='lat' dir='ltr'>eo</span> <span class='ocrx_word' id='word_1_191' title='bbox 832 1584 907 1622; x_wconf 88' lang='lat' dir='ltr'>donati</span> <span class='ocrx_word' id='word_1_192' title='bbox 920 1595 950 1622; x_wconf 89' lang='lat' dir='ltr'>re-</span> 
     </span>
     <span class='ocr_line' id='line_1_23' title="bbox 127 1656 950 1701; baseline 0.002 -9"><span class='ocrx_word' id='word_1_193' title='bbox 127 1667 233 1693; x_wconf 84' lang='lat' dir='ltr'>novamur</span> <span class='ocrx_word' id='word_1_194' title='bbox 245 1656 325 1699; x_wconf 90' lang='lat' dir='ltr'>spiritu</span> <span class='ocrx_word' id='word_1_195' title='bbox 336 1656 415 1694; x_wconf 87' lang='lat' dir='ltr'>mentis</span> <span class='ocrx_word' id='word_1_196' title='bbox 429 1659 522 1701; x_wconf 90' lang='lat' dir='ltr'>nostrae,</span> <span class='ocrx_word' id='word_1_197' title='bbox 536 1660 558 1694; x_wconf 90' lang='lat' dir='ltr'>et</span> <span class='ocrx_word' id='word_1_198' title='bbox 568 1667 612 1694; x_wconf 93' lang='lat' dir='ltr'>non</span> <span class='ocrx_word' id='word_1_199' title='bbox 626 1657 691 1694; x_wconf 91' lang='lat' dir='ltr'>modo</span> <span class='ocrx_word' id='word_1_200' title='bbox 705 1660 836 1701; x_wconf 87' lang='lat' dir='ltr'>reputamur,</span> <span class='ocrx_word' id='word_1_201' title='bbox 850 1657 887 1694; x_wconf 89' lang='lat' dir='ltr'>sed</span> <span class='ocrx_word' id='word_1_202' title='bbox 901 1667 950 1694; x_wconf 84' lang='lat' dir='ltr'>vere.</span> 
     </span>
     <span class='ocr_line' id='line_1_24' title="bbox 126 1727 950 1773; baseline 0 -9"><span class='ocrx_word' id='word_1_203' title='bbox 126 1727 178 1765; x_wconf 88' lang='lat' dir='ltr'>iusti</span> <span class='ocrx_word' id='word_1_204' title='bbox 191 1728 329 1765; x_wconf 87' lang='lat' dir='ltr'>nominamur</span> <span class='ocrx_word' id='word_1_205' title='bbox 341 1731 363 1765; x_wconf 87' lang='lat' dir='ltr'>et</span> <span class='ocrx_word' id='word_1_206' title='bbox 375 1739 454 1772; x_wconf 90' lang='lat' dir='ltr'>sumus,</span> <span class='ocrx_word' id='word_1_207' title='bbox 467 1728 571 1765; x_wconf 89' lang='lat' dir='ltr'>iustitiam</span> <span class='ocrx_word' id='word_1_208' title='bbox 584 1729 607 1765; x_wconf 92' lang='lat' dir='ltr'>in</span> <span class='ocrx_word' id='word_1_209' title='bbox 620 1728 683 1766; x_wconf 87' lang='lat' dir='ltr'>nobis</span> <span class='ocrx_word' id='word_1_210' title='bbox 694 1728 825 1773; x_wconf 81' lang='lat' dir='ltr'>recipientes</span> <span class='ocrx_word' id='word_1_211' title='bbox 837 1729 950 1773; x_wconf 87' lang='lat' dir='ltr'>unusquis-</span> 
     </span>
     <span class='ocr_line' id='line_1_25' title="bbox 127 1799 950 1844; baseline 0 -8"><span class='ocrx_word' id='word_1_212' title='bbox 127 1810 169 1843; x_wconf 88' lang='lat' dir='ltr'>que</span> <span class='ocrx_word' id='word_1_213' title='bbox 187 1811 274 1837; x_wconf 73' lang='lat' dir='ltr'>suam».</span> <span class='ocrx_word' id='word_1_214' title='bbox 292 1800 365 1844; x_wconf 81' lang='lat' dir='ltr'>Aliqui</span> <span class='ocrx_word' id='word_1_215' title='bbox 384 1800 486 1837; x_wconf 89' lang='lat' dir='ltr'>volebant</span> <span class='ocrx_word' id='word_1_216' title='bbox 502 1800 545 1837; x_wconf 85' lang='lat' dir='ltr'>hoe</span> <span class='ocrx_word' id='word_1_217' title='bbox 561 1801 610 1838; x_wconf 83' lang='lat' dir='ltr'>loco</span> <span class='ocrx_word' id='word_1_218' title='bbox 629 1800 738 1837; x_wconf 88' lang='lat' dir='ltr'>nominari</span> <span class='ocrx_word' id='word_1_219' title='bbox 756 1801 820 1838; x_wconf 88' lang='lat' dir='ltr'>etiam</span> <span class='ocrx_word' id='word_1_220' title='bbox 837 1799 909 1844; x_wconf 87' lang='lat' dir='ltr'>fidem,</span> <span class='ocrx_word' id='word_1_221' title='bbox 927 1800 950 1837; x_wconf 85' lang='lat' dir='ltr'>id</span> 
     </span>
     <span class='ocr_line' id='line_1_26' title="bbox 127 1871 950 1915; baseline -0.001 -6"><span class='ocrx_word' id='word_1_222' title='bbox 127 1871 185 1915; x_wconf 84' lang='lat' dir='ltr'>quod</span> <span class='ocrx_word' id='word_1_223' title='bbox 198 1875 332 1915; x_wconf 84' lang='lat' dir='ltr'>acceptatum</span> <span class='ocrx_word' id='word_1_224' title='bbox 346 1882 390 1909; x_wconf 90' lang='lat' dir='ltr'>non</span> <span class='ocrx_word' id='word_1_225' title='bbox 402 1875 433 1909; x_wconf 83' lang='lat' dir='ltr'>est</span> <span class='ocrx_word' id='word_1_226' title='bbox 441 1875 475 1908; x_wconf 69' lang='lat'>¹2³.</span> <span class='ocrx_word' id='word_1_227' title='bbox 488 1872 516 1910; x_wconf 90' lang='lat' dir='ltr'>Ut</span> <span class='ocrx_word' id='word_1_228' title='bbox 529 1875 591 1909; x_wconf 87' lang='lat' dir='ltr'>antea</span> <span class='ocrx_word' id='word_1_229' title='bbox 603 1876 712 1909; x_wconf 89' lang='lat' dir='ltr'>ostensum</span> <span class='ocrx_word' id='word_1_230' title='bbox 726 1875 757 1909; x_wconf 92' lang='lat' dir='ltr'>est</span> <span class='ocrx_word' id='word_1_231' title='bbox 768 1873 803 1909; x_wconf 89' lang='lat' dir='ltr'>his</span> <span class='ocrx_word' id='word_1_232' title='bbox 815 1872 887 1909; x_wconf 88' lang='lat' dir='ltr'>verbis</span> <span class='ocrx_word' id='word_1_233' title='bbox 902 1882 950 1909; x_wconf 88' lang='lat' dir='ltr'>cou-</span> 
     </span>
     <span class='ocr_line' id='line_1_27' title="bbox 127 1943 951 1987; baseline -0.001 -7"><span class='ocrx_word' id='word_1_234' title='bbox 127 1946 160 1980; x_wconf 85' lang='lat' dir='ltr'>tra</span> <span class='ocrx_word' id='word_1_235' title='bbox 174 1954 269 1981; x_wconf 84' lang='lat' dir='ltr'>errorem</span> <span class='ocrx_word' id='word_1_236' title='bbox 282 1946 411 1981; x_wconf 90' lang='lat' dir='ltr'>novatorum</span> <span class='ocrx_word' id='word_1_237' title='bbox 426 1943 451 1981; x_wconf 93' lang='lat' dir='ltr'>de</span> <span class='ocrx_word' id='word_1_238' title='bbox 466 1944 549 1981; x_wconf 89' lang='lat' dir='ltr'>iustitia</span> <span class='ocrx_word' id='word_1_239' title='bbox 563 1954 620 1981; x_wconf 88' lang='lat' dir='ltr'>mere</span> <span class='ocrx_word' id='word_1_240' title='bbox 633 1944 739 1987; x_wconf 89' lang='lat' dir='ltr'>imputata</span> <span class='ocrx_word' id='word_1_241' title='bbox 746 1947 773 1969; x_wconf 71' lang='lat'>1²4</span> <span class='ocrx_word' id='word_1_242' title='bbox 789 1944 878 1982; x_wconf 87' lang='lat' dir='ltr'>docetur</span> <span class='ocrx_word' id='word_1_243' title='bbox 892 1943 951 1981; x_wconf 86' lang='lat' dir='ltr'>iusti-</span> 
     </span>
     <span class='ocr_line' id='line_1_28' title="bbox 128 2015 950 2059; baseline 0 -8"><span class='ocrx_word' id='word_1_244' title='bbox 128 2015 158 2052; x_wconf 88' lang='lat' dir='ltr'>tia</span> <span class='ocrx_word' id='word_1_245' title='bbox 174 2015 260 2052; x_wconf 86' lang='lat' dir='ltr'>interna</span> <span class='ocrx_word' id='word_1_246' title='bbox 276 2018 297 2052; x_wconf 85' lang='lat' dir='ltr'>et</span> <span class='ocrx_word' id='word_1_247' title='bbox 312 2016 409 2059; x_wconf 89' lang='lat' dir='ltr'>propria.</span> <span class='ocrx_word' id='word_1_248' title='bbox 426 2015 476 2053; x_wconf 87' lang='lat' dir='ltr'>Sola</span> <span class='ocrx_word' id='word_1_249' title='bbox 492 2025 542 2059; x_wconf 80' lang='lat' dir='ltr'>ergo</span> <span class='ocrx_word' id='word_1_250' title='bbox 559 2015 641 2053; x_wconf 88' lang='lat' dir='ltr'>iustitia</span> <span class='ocrx_word' id='word_1_251' title='bbox 658 2016 722 2053; x_wconf 87' lang='lat' dir='ltr'>nohis</span> <span class='ocrx_word' id='word_1_252' title='bbox 737 2016 823 2053; x_wconf 87' lang='lat' dir='ltr'>interna</span> <span class='ocrx_word' id='word_1_253' title='bbox 839 2019 871 2054; x_wconf 92' lang='lat' dir='ltr'>est</span> <span class='ocrx_word' id='word_1_254' title='bbox 888 2026 950 2053; x_wconf 85' lang='lat' dir='ltr'>causa</span> 
     </span>
     <span class='ocr_line' id='line_1_29' title="bbox 127 2086 950 2131; baseline -0.001 -8"><span class='ocrx_word' id='word_1_255' title='bbox 127 2086 226 2124; x_wconf 76' lang='lat' dir='ltr'>formalis</span> <span class='ocrx_word' id='word_1_256' title='bbox 238 2087 404 2130; x_wconf 74' lang='lat' dir='ltr'>iustificationis,</span> <span class='ocrx_word' id='word_1_257' title='bbox 419 2098 468 2124; x_wconf 83' lang='lat' dir='ltr'>oum</span> <span class='ocrx_word' id='word_1_258' title='bbox 482 2087 607 2125; x_wconf 86' lang='lat' dir='ltr'>exclusione</span> <span class='ocrx_word' id='word_1_259' title='bbox 619 2088 714 2125; x_wconf 89' lang='lat' dir='ltr'>iustitiae</span> <span class='ocrx_word' id='word_1_260' title='bbox 728 2088 852 2131; x_wconf 76' lang='lat' dir='ltr'>Imputatae.</span> <span class='ocrx_word' id='word_1_261' title='bbox 866 2087 896 2125; x_wconf 90' lang='lat' dir='ltr'>De</span> <span class='ocrx_word' id='word_1_262' title='bbox 911 2088 950 2123; x_wconf 87' lang='lat' dir='ltr'>hae</span> 
     </span>
     <span class='ocr_line' id='line_1_30' title="bbox 129 2159 656 2203; baseline 0.004 -9"><span class='ocrx_word' id='word_1_263' title='bbox 129 2168 192 2196; x_wconf 84' lang='lat' dir='ltr'>eausa</span> <span class='ocrx_word' id='word_1_264' title='bbox 208 2159 294 2195; x_wconf 82' lang='lat' dir='ltr'>formali</span> <span class='ocrx_word' id='word_1_265' title='bbox 308 2159 414 2203; x_wconf 84' lang='lat' dir='ltr'>quaedam</span> <span class='ocrx_word' id='word_1_266' title='bbox 429 2163 541 2196; x_wconf 87' lang='lat' dir='ltr'>remanent</span> <span class='ocrx_word' id='word_1_267' title='bbox 557 2159 656 2196; x_wconf 87' lang='lat' dir='ltr'>dicenda.</span> 
     </span>
    </p>
   </div>
   <div class='ocr_carea' id='block_1_5' title="bbox 127 2313 955 2714">
    <p class='ocr_par' dir='ltr' id='par_1_8' title="bbox 127 2313 955 2413">
     <span class='ocr_line' id='line_1_31' title="bbox 177 2313 955 2353; baseline -0.003 -7"><span class='ocrx_word' id='word_1_268' title='bbox 177 2317 204 2339; x_wconf 83' lang='lat'>12⁰</span> <span class='ocrx_word' id='word_1_269' title='bbox 217 2313 296 2353; x_wconf 72' lang='lat' dir='ltr'>nemer,</span> <span class='ocrx_word' id='word_1_270' title='bbox 311 2313 347 2346; x_wconf 89' lang='lat' dir='ltr'>Die</span> <span class='ocrx_word' id='word_1_271' title='bbox 362 2313 607 2353; x_wconf 78' lang='lat' dir='ltr'>Entstehungsgesehichte</span> <span class='ocrx_word' id='word_1_272' title='bbox 623 2314 656 2347; x_wconf 91' lang='lat' dir='ltr'>des</span> <span class='ocrx_word' id='word_1_273' title='bbox 671 2314 760 2347; x_wconf 85' lang='lat' dir='ltr'>Trienter</span> <span class='ocrx_word' id='word_1_274' title='bbox 775 2314 955 2353; x_wconf 77' lang='lat' dir='ltr'>Rechttertigungs-</span> 
     </span>
     <span class='ocr_line' id='line_1_32' title="bbox 127 2374 328 2413; baseline 0.005 -7"><span class='ocrx_word' id='word_1_275' title='bbox 127 2374 221 2413; x_wconf 65' lang='lat' dir='ltr'>deliretes</span> <span class='ocrx_word' id='word_1_276' title='bbox 233 2382 276 2413; x_wconf 81' lang='lat' dir='ltr'>pag.</span> <span class='ocrx_word' id='word_1_277' title='bbox 288 2374 328 2407; x_wconf 79' lang='lat'>256.</span> 
     </span>
    </p>

    <p class='ocr_par' dir='ltr' id='par_1_9' title="bbox 175 2434 406 2474">
     <span class='ocr_line' id='line_1_33' title="bbox 175 2434 406 2474; baseline -0.004 -7"><span class='ocrx_word' id='word_1_278' title='bbox 175 2439 201 2460; x_wconf 78' lang='lat'>121</span> <span class='ocrx_word' id='word_1_279' title='bbox 215 2434 294 2473; x_wconf 73' lang='lat' dir='ltr'>nemer,</span> <span class='ocrx_word' id='word_1_280' title='bbox 307 2441 350 2474; x_wconf 78' lang='lat' dir='ltr'>pag.</span> <span class='ocrx_word' id='word_1_281' title='bbox 366 2434 406 2468; x_wconf 76' lang='lat'>259.</span> 
     </span>
    </p>

    <p class='ocr_par' dir='ltr' id='par_1_10' title="bbox 128 2494 953 2587">
     <span class='ocr_line' id='line_1_34' title="bbox 175 2494 953 2535; baseline -0.001 -8"><span class='ocrx_word' id='word_1_282' title='bbox 175 2498 203 2520; x_wconf 80' lang='lat'>122</span> <span class='ocrx_word' id='word_1_283' title='bbox 216 2494 245 2527; x_wconf 82' lang='lat' dir='ltr'>Cf.</span> <span class='ocrx_word' id='word_1_284' title='bbox 258 2504 304 2527; x_wconf 90' lang='lat' dir='ltr'>sess.</span> <span class='ocrx_word' id='word_1_285' title='bbox 318 2496 328 2527; x_wconf 74' lang='lat'>5</span> <span class='ocrx_word' id='word_1_286' title='bbox 341 2505 383 2528; x_wconf 81' lang='lat' dir='ltr'>can.</span> <span class='ocrx_word' id='word_1_287' title='bbox 397 2494 413 2527; x_wconf 84' lang='lat'>3.</span> <span class='ocrx_word' id='word_1_288' title='bbox 426 2495 484 2528; x_wconf 87' lang='lat' dir='ltr'>Denz.</span> <span class='ocrx_word' id='word_1_289' title='bbox 498 2494 538 2528; x_wconf 78' lang='lat'><strong>790.</strong></span> <span class='ocrx_word' id='word_1_290' title='bbox 551 2494 608 2528; x_wconf 87' lang='lat' dir='ltr'>Cone.</span> <span class='ocrx_word' id='word_1_291' title='bbox 620 2495 677 2534; x_wconf 84' lang='lat' dir='ltr'>Flor.,</span> <span class='ocrx_word' id='word_1_292' title='bbox 691 2495 793 2528; x_wconf 88' lang='lat' dir='ltr'>Decretum</span> <span class='ocrx_word' id='word_1_293' title='bbox 806 2505 841 2535; x_wconf 89' lang='lat' dir='ltr'>pro</span> <span class='ocrx_word' id='word_1_294' title='bbox 855 2495 953 2528; x_wconf 85' lang='lat' dir='ltr'>lacobitis.</span> 
     </span>
     <span class='ocr_line' id='line_1_35' title="bbox 128 2554 239 2587; baseline 0 0"><span class='ocrx_word' id='word_1_295' title='bbox 128 2555 186 2587; x_wconf 82' lang='lat' dir='ltr'>Denz.</span> <span class='ocrx_word' id='word_1_296' title='bbox 200 2554 239 2587; x_wconf 80' lang='lat'>711.</span> 
     </span>
    </p>

    <p class='ocr_par' dir='ltr' id='par_1_11' title="bbox 175 2608 584 2655">
     <span class='ocr_line' id='line_1_36' title="bbox 175 2608 584 2655; baseline 0 -7"><span class='ocrx_word' id='word_1_297' title='bbox 175 2618 202 2640; x_wconf 76' lang='lat'>123</span> <span class='ocrx_word' id='word_1_298' title='bbox 216 2615 294 2653; x_wconf 84' lang='lat' dir='ltr'>Hefner,</span> <span class='ocrx_word' id='word_1_299' title='bbox 307 2608 350 2655; x_wconf 79' lang='lat' dir='ltr'>pag.</span> <span class='ocrx_word' id='word_1_300' title='bbox 362 2616 405 2653; x_wconf 81' lang='lat'>255;</span> <span class='ocrx_word' id='word_1_301' title='bbox 420 2615 489 2655; x_wconf 80' lang='lat' dir='ltr'>Lange,</span> <span class='ocrx_word' id='word_1_302' title='bbox 501 2625 530 2647; x_wconf 85' lang='lat' dir='ltr'>ur.</span> <span class='ocrx_word' id='word_1_303' title='bbox 544 2615 584 2648; x_wconf 75' lang='lat'>396.</span> 
     </span>
    </p>

    <p class='ocr_par' dir='ltr' id='par_1_12' title="bbox 176 2674 390 2714">
     <span class='ocr_line' id='line_1_37' title="bbox 176 2674 390 2714; baseline 0.005 -7"><span class='ocrx_word' id='word_1_304' title='bbox 176 2680 204 2701; x_wconf 71' lang='lat'>124</span> <span class='ocrx_word' id='word_1_305' title='bbox 217 2674 246 2708; x_wconf 79' lang='lat' dir='ltr'>Ct.</span> <span class='ocrx_word' id='word_1_306' title='bbox 261 2685 302 2708; x_wconf 65' lang='lat' dir='ltr'>can,</span> <span class='ocrx_word' id='word_1_307' title='bbox 319 2675 347 2714; x_wconf 86' lang='lat'>10,</span> <span class='ocrx_word' id='word_1_308' title='bbox 362 2675 390 2708; x_wconf 84' lang='lat'>11.</span> 
     </span>
    </p>
   </div>
   <div class='ocr_carea' id='block_1_6' title="bbox 0 0 980 3093">
    <p class='ocr_par' dir='ltr' id='par_1_13' title="bbox 0 0 980 3093">
     <span class='ocr_line' id='line_1_38' title="bbox 0 0 980 3093; baseline 0 0"><span class='ocrx_word' id='word_1_309' title='bbox 0 0 980 3093; x_wconf 95' lang='lat' dir='ltr'> </span> 
     </span>
    </p>
   </div>
  </div>
 </body>
</html>
