<?xml version="1.0" encoding="UTF-8"?>
<!DOCTYPE html PUBLIC "-//W3C//DTD XHTML 1.0 Transitional//EN"
    "http://www.w3.org/TR/xhtml1/DTD/xhtml1-transitional.dtd">
<html xmlns="http://www.w3.org/1999/xhtml" xml:lang="en" lang="en">
 <head>
  <title>
</title>
<meta http-equiv="Content-Type" content="text/html;charset=utf-8" />
  <meta name='ocr-system' content='tesseract 3.04.00' />
  <meta name='ocr-capabilities' content='ocr_page ocr_carea ocr_par ocr_line ocrx_word'/>
</head>
<body>
  <div class='ocr_page' id='page_1' title='image "./MN41638ucmf_6_0130.png"; bbox 0 0 1952 3093; ppageno 0'>
   <div class='ocr_carea' id='block_1_1' title="bbox 484 94 605 132">
    <p class='ocr_par' dir='ltr' id='par_1_1' title="bbox 484 94 605 132">
     <span class='ocr_line' id='line_1_1' title="bbox 484 94 605 132; baseline 0.008 -1"><span class='ocrx_word' id='word_1_1' title='bbox 484 94 605 132; x_wconf 85' lang='lat'>—110-</span> 
     </span>
    </p>
   </div>
   <div class='ocr_carea' id='block_1_2' title="bbox 135 213 962 835">
    <p class='ocr_par' dir='ltr' id='par_1_2' title="bbox 135 213 962 835">
     <span class='ocr_line' id='line_1_2' title="bbox 135 213 960 257; baseline 0 -6"><span class='ocrx_word' id='word_1_2' title='bbox 135 219 155 251; x_wconf 88' lang='lat' dir='ltr'>et</span> <span class='ocrx_word' id='word_1_3' title='bbox 169 218 308 252; x_wconf 88' lang='lat' dir='ltr'>consecrator</span> <span class='ocrx_word' id='word_1_4' title='bbox 321 215 419 251; x_wconf 89' lang='lat' dir='ltr'>caelestis</span> <span class='ocrx_word' id='word_1_5' title='bbox 433 214 559 257; x_wconf 86' lang='lat' dir='ltr'>nativitatis,</span> <span class='ocrx_word' id='word_1_6' title='bbox 573 214 651 257; x_wconf 81' lang='lat' dir='ltr'>pignus</span> <span class='ocrx_word' id='word_1_7' title='bbox 666 214 785 257; x_wconf 81' lang='lat' dir='ltr'>promissae</span> <span class='ocrx_word' id='word_1_8' title='bbox 798 213 925 250; x_wconf 87' lang='lat' dir='ltr'>hereditatis</span> <span class='ocrx_word' id='word_1_9' title='bbox 940 218 960 251; x_wconf 88' lang='lat' dir='ltr'>et</span> 
     </span>
     <span class='ocr_line' id='line_1_3' title="bbox 136 285 960 331; baseline -0.001 -7"><span class='ocrx_word' id='word_1_10' title='bbox 136 288 197 331; x_wconf 82' lang='lat' dir='ltr'>quasi</span> <span class='ocrx_word' id='word_1_11' title='bbox 213 287 381 331; x_wconf 82' lang='lat' dir='ltr'>chirographum</span> <span class='ocrx_word' id='word_1_12' title='bbox 395 286 504 331; x_wconf 87' lang='lat' dir='ltr'>quoddam</span> <span class='ocrx_word' id='word_1_13' title='bbox 520 289 618 323; x_wconf 73' lang='lat' dir='ltr'>aeternae</span> <span class='ocrx_word' id='word_1_14' title='bbox 634 286 718 330; x_wconf 90' lang='lat' dir='ltr'>salutis;</span> <span class='ocrx_word' id='word_1_15' title='bbox 732 286 769 330; x_wconf 91' lang='lat' dir='ltr'>qui</span> <span class='ocrx_word' id='word_1_16' title='bbox 785 296 824 323; x_wconf 93' lang='lat' dir='ltr'>nos</span> <span class='ocrx_word' id='word_1_17' title='bbox 839 285 879 322; x_wconf 88' lang='lat' dir='ltr'>Dei</span> <span class='ocrx_word' id='word_1_18' title='bbox 895 285 960 323; x_wconf 82' lang='lat' dir='ltr'>iaciat</span> 
     </span>
     <span class='ocr_line' id='line_1_4' title="bbox 136 358 959 403; baseline 0 -7"><span class='ocrx_word' id='word_1_19' title='bbox 136 360 239 403; x_wconf 90' lang='lat' dir='ltr'>templum</span> <span class='ocrx_word' id='word_1_20' title='bbox 253 364 273 396; x_wconf 88' lang='lat' dir='ltr'>et</span> <span class='ocrx_word' id='word_1_21' title='bbox 288 370 327 396; x_wconf 95' lang='lat' dir='ltr'>nos</span> <span class='ocrx_word' id='word_1_22' title='bbox 342 359 388 396; x_wconf 86' lang='lat' dir='ltr'>eius</span> <span class='ocrx_word' id='word_1_23' title='bbox 402 359 480 396; x_wconf 89' lang='lat' dir='ltr'>efficiat</span> <span class='ocrx_word' id='word_1_24' title='bbox 495 359 591 402; x_wconf 90' lang='lat' dir='ltr'>dornum;</span> <span class='ocrx_word' id='word_1_25' title='bbox 607 359 643 402; x_wconf 89' lang='lat' dir='ltr'>qui</span> <span class='ocrx_word' id='word_1_26' title='bbox 658 359 781 402; x_wconf 86' lang='lat' dir='ltr'>interpellat</span> <span class='ocrx_word' id='word_1_27' title='bbox 798 358 882 395; x_wconf 89' lang='lat' dir='ltr'>divinas</span> <span class='ocrx_word' id='word_1_28' title='bbox 898 369 959 396; x_wconf 86' lang='lat' dir='ltr'>aures</span> 
     </span>
     <span class='ocr_line' id='line_1_5' title="bbox 136 430 960 476; baseline 0 -9"><span class='ocrx_word' id='word_1_29' title='bbox 136 442 177 474; x_wconf 88' lang='lat' dir='ltr'>pro</span> <span class='ocrx_word' id='word_1_30' title='bbox 191 431 255 468; x_wconf 90' lang='lat' dir='ltr'>nohis</span> <span class='ocrx_word' id='word_1_31' title='bbox 267 431 382 475; x_wconf 76' lang='lat' dir='ltr'>gemitibus</span> <span class='ocrx_word' id='word_1_32' title='bbox 397 432 567 476; x_wconf 86' lang='lat' dir='ltr'>ineloquacibus,</span> <span class='ocrx_word' id='word_1_33' title='bbox 583 431 732 468; x_wconf 86' lang='lat' dir='ltr'>advocationis</span> <span class='ocrx_word' id='word_1_34' title='bbox 747 431 840 474; x_wconf 87' lang='lat' dir='ltr'>implens</span> <span class='ocrx_word' id='word_1_35' title='bbox 854 430 925 468; x_wconf 88' lang='lat' dir='ltr'>officia</span> <span class='ocrx_word' id='word_1_36' title='bbox 941 436 960 468; x_wconf 94' lang='lat' dir='ltr'>et</span> 
     </span>
     <span class='ocr_line' id='line_1_6' title="bbox 137 503 960 547; baseline 0 -7"><span class='ocrx_word' id='word_1_37' title='bbox 137 503 271 541; x_wconf 86' lang='lat' dir='ltr'>detensionis</span> <span class='ocrx_word' id='word_1_38' title='bbox 285 504 389 540; x_wconf 81' lang='lat' dir='ltr'>exhibens</span> <span class='ocrx_word' id='word_1_39' title='bbox 403 513 501 547; x_wconf 87' lang='lat' dir='ltr'>munera;</span> <span class='ocrx_word' id='word_1_40' title='bbox 516 503 649 540; x_wconf 87' lang='lat' dir='ltr'>inhabitator</span> <span class='ocrx_word' id='word_1_41' title='bbox 662 503 791 547; x_wconf 88' lang='lat' dir='ltr'>corporibus</span> <span class='ocrx_word' id='word_1_42' title='bbox 805 503 885 540; x_wconf 89' lang='lat' dir='ltr'>nostris</span> <span class='ocrx_word' id='word_1_43' title='bbox 899 503 960 541; x_wconf 89' lang='lat' dir='ltr'>datus</span> 
     </span>
     <span class='ocr_line' id='line_1_7' title="bbox 137 575 960 613; baseline 0.001 -1"><span class='ocrx_word' id='word_1_44' title='bbox 137 579 156 612; x_wconf 89' lang='lat' dir='ltr'>et</span> <span class='ocrx_word' id='word_1_45' title='bbox 172 576 293 612; x_wconf 86' lang='lat' dir='ltr'>sanctitatis</span> <span class='ocrx_word' id='word_1_46' title='bbox 311 576 400 613; x_wconf 87' lang='lat' dir='ltr'>effector</span> <span class='ocrx_word' id='word_1_47' title='bbox 409 589 419 612; x_wconf 87' lang='lat'>»</span> <span class='ocrx_word' id='word_1_48' title='bbox 426 580 452 612; x_wconf 65' lang='lat'>⁹⁵.</span> <span class='ocrx_word' id='word_1_49' title='bbox 469 576 571 612; x_wconf 84' lang='lat' dir='ltr'>Drurruus</span> <span class='ocrx_word' id='word_1_50' title='bbox 590 576 768 612; x_wconf 74' lang='lat' dir='ltr'>Ainmnnmuus:</span> <span class='ocrx_word' id='word_1_51' title='bbox 788 575 910 613; x_wconf 85' lang='lat' dir='ltr'>«Creatura</span> <span class='ocrx_word' id='word_1_52' title='bbox 926 586 960 613; x_wconf 76' lang='lat' dir='ltr'>ne·</span> 
     </span>
     <span class='ocr_line' id='line_1_8' title="bbox 137 647 961 692; baseline 0 -8"><span class='ocrx_word' id='word_1_53' title='bbox 137 648 183 691; x_wconf 91' lang='lat' dir='ltr'>quit</span> <span class='ocrx_word' id='word_1_54' title='bbox 198 648 227 685; x_wconf 89' lang='lat' dir='ltr'>ita</span> <span class='ocrx_word' id='word_1_55' title='bbox 240 648 369 692; x_wconf 86' lang='lat' dir='ltr'>participari</span> <span class='ocrx_word' id='word_1_56' title='bbox 385 648 554 685; x_wconf 85' lang='lat' dir='ltr'>substantialiter</span> <span class='ocrx_word' id='word_1_57' title='bbox 569 648 641 684; x_wconf 89' lang='lat' dir='ltr'>anima</span> <span class='ocrx_word' id='word_1_58' title='bbox 654 648 756 685; x_wconf 90' lang='lat' dir='ltr'>rationali</span> <span class='ocrx_word' id='word_1_59' title='bbox 770 651 793 685; x_wconf 92' lang='lat' dir='ltr'>ut</span> <span class='ocrx_word' id='word_1_60' title='bbox 807 648 830 684; x_wconf 94' lang='lat' dir='ltr'>in</span> <span class='ocrx_word' id='word_1_61' title='bbox 845 648 886 685; x_wconf 91' lang='lat' dir='ltr'>hac</span> <span class='ocrx_word' id='word_1_62' title='bbox 901 647 961 685; x_wconf 89' lang='lat' dir='ltr'>inha-</span> 
     </span>
     <span class='ocr_line' id='line_1_9' title="bbox 137 720 961 764; baseline 0.002 -8"><span class='ocrx_word' id='word_1_63' title='bbox 137 720 199 763; x_wconf 87' lang='lat' dir='ltr'>bitet;</span> <span class='ocrx_word' id='word_1_64' title='bbox 215 720 282 756; x_wconf 89' lang='lat' dir='ltr'>solius</span> <span class='ocrx_word' id='word_1_65' title='bbox 296 721 353 757; x_wconf 90' lang='lat' dir='ltr'>enim</span> <span class='ocrx_word' id='word_1_66' title='bbox 367 721 407 757; x_wconf 88' lang='lat' dir='ltr'>Dei</span> <span class='ocrx_word' id='word_1_67' title='bbox 421 720 534 763; x_wconf 90' lang='lat' dir='ltr'>proprium</span> <span class='ocrx_word' id='word_1_68' title='bbox 549 723 580 756; x_wconf 93' lang='lat' dir='ltr'>est</span> <span class='ocrx_word' id='word_1_69' title='bbox 593 721 622 756; x_wconf 90' lang='lat' dir='ltr'>ita</span> <span class='ocrx_word' id='word_1_70' title='bbox 636 720 771 764; x_wconf 88' lang='lat' dir='ltr'>participari.</span> <span class='ocrx_word' id='word_1_71' title='bbox 786 720 876 757; x_wconf 90' lang='lat' dir='ltr'>Sanctus</span> <span class='ocrx_word' id='word_1_72' title='bbox 892 723 961 758; x_wconf 88' lang='lat' dir='ltr'>autem</span> 
     </span>
     <span class='ocr_line' id='line_1_10' title="bbox 139 791 962 835; baseline 0.001 -8"><span class='ocrx_word' id='word_1_73' title='bbox 139 791 231 834; x_wconf 89' lang='lat' dir='ltr'>Spiritus</span> <span class='ocrx_word' id='word_1_74' title='bbox 245 792 406 835; x_wconf 84' lang='lat' dir='ltr'>participabilis</span> <span class='ocrx_word' id='word_1_75' title='bbox 420 792 590 828; x_wconf 88' lang='lat' dir='ltr'>substantialiter</span> <span class='ocrx_word' id='word_1_76' title='bbox 604 792 688 828; x_wconf 87' lang='lat' dir='ltr'>exsistit</span> <span class='ocrx_word' id='word_1_77' title='bbox 700 795 723 828; x_wconf 88' lang='lat' dir='ltr'>ut</span> <span class='ocrx_word' id='word_1_78' title='bbox 737 792 800 829; x_wconf 88' lang='lat' dir='ltr'>Pater</span> <span class='ocrx_word' id='word_1_79' title='bbox 813 796 834 829; x_wconf 88' lang='lat' dir='ltr'>et</span> <span class='ocrx_word' id='word_1_80' title='bbox 847 792 921 835; x_wconf 85' lang='lat' dir='ltr'>Filius,</span> <span class='ocrx_word' id='word_1_81' title='bbox 936 793 962 829; x_wconf 89' lang='lat' dir='ltr'>si-</span> 
     </span>
    </p>
   </div>
   <div class='ocr_carea' id='block_1_3' title="bbox 66 864 962 907">
    <p class='ocr_par' dir='ltr' id='par_1_3' title="bbox 66 864 962 907">
     <span class='ocr_line' id='line_1_11' title="bbox 66 864 962 907; baseline 0.001 -7"><span class='ocrx_word' id='word_1_82' title='bbox 66 866 68 869; x_wconf 84' lang='grc'><strong>’</strong></span> <span class='ocrx_word' id='word_1_83' title='bbox 139 867 175 900; x_wconf 88' lang='lat' dir='ltr'>cut</span> <span class='ocrx_word' id='word_1_84' title='bbox 186 864 209 900; x_wconf 93' lang='lat' dir='ltr'>in</span> <span class='ocrx_word' id='word_1_85' title='bbox 221 864 293 907; x_wconf 91' lang='lat' dir='ltr'>primo</span> <span class='ocrx_word' id='word_1_86' title='bbox 305 874 403 901; x_wconf 87' lang='lat' dir='ltr'>sermone</span> <span class='ocrx_word' id='word_1_87' title='bbox 417 864 498 901; x_wconf 91' lang='lat' dir='ltr'>dictum</span> <span class='ocrx_word' id='word_1_88' title='bbox 510 867 547 901; x_wconf 93' lang='lat' dir='ltr'>est.</span> <span class='ocrx_word' id='word_1_89' title='bbox 558 864 612 901; x_wconf 85' lang='lat' dir='ltr'>Nam</span> <span class='ocrx_word' id='word_1_90' title='bbox 625 864 689 902; x_wconf 92' lang='lat' dir='ltr'>etiam</span> <span class='ocrx_word' id='word_1_91' title='bbox 702 864 792 901; x_wconf 92' lang='lat' dir='ltr'>simulac</span> <span class='ocrx_word' id='word_1_92' title='bbox 804 864 867 901; x_wconf 91' lang='lat' dir='ltr'>Pater</span> <span class='ocrx_word' id='word_1_93' title='bbox 879 864 962 901; x_wconf 91' lang='lat' dir='ltr'>inhabi-</span> 
     </span>
    </p>
   </div>
   <div class='ocr_carea' id='block_1_4' title="bbox 113 935 967 2216">
    <p class='ocr_par' dir='ltr' id='par_1_4' title="bbox 139 935 964 1269">
     <span class='ocr_line' id='line_1_12' title="bbox 139 935 962 980; baseline 0.002 -9"><span class='ocrx_word' id='word_1_94' title='bbox 139 938 169 972; x_wconf 89' lang='lat' dir='ltr'>tat</span> <span class='ocrx_word' id='word_1_95' title='bbox 180 935 202 971; x_wconf 95' lang='lat' dir='ltr'>in</span> <span class='ocrx_word' id='word_1_96' title='bbox 213 935 242 972; x_wconf 88' lang='lat' dir='ltr'>iis</span> <span class='ocrx_word' id='word_1_97' title='bbox 254 936 291 979; x_wconf 92' lang='lat' dir='ltr'>qui</span> <span class='ocrx_word' id='word_1_98' title='bbox 303 939 352 972; x_wconf 92' lang='lat' dir='ltr'>sunt</span> <span class='ocrx_word' id='word_1_99' title='bbox 364 935 430 980; x_wconf 85' lang='lat' dir='ltr'>digni,</span> <span class='ocrx_word' id='word_1_100' title='bbox 441 936 494 980; x_wconf 90' lang='lat' dir='ltr'>quid</span> <span class='ocrx_word' id='word_1_101' title='bbox 504 939 535 973; x_wconf 90' lang='lat' dir='ltr'>est</span> <span class='ocrx_word' id='word_1_102' title='bbox 545 946 639 979; x_wconf 89' lang='lat' dir='ltr'>necesse,</span> <span class='ocrx_word' id='word_1_103' title='bbox 651 936 700 980; x_wconf 90' lang='lat' dir='ltr'>nisi,</span> <span class='ocrx_word' id='word_1_104' title='bbox 711 947 751 979; x_wconf 87' lang='lat' dir='ltr'>per</span> <span class='ocrx_word' id='word_1_105' title='bbox 760 936 865 973; x_wconf 90' lang='lat' dir='ltr'>unitatem</span> <span class='ocrx_word' id='word_1_106' title='bbox 877 936 962 975; x_wconf 91' lang='lat' dir='ltr'>divinae</span> 
     </span>
     <span class='ocr_line' id='line_1_13' title="bbox 140 1008 964 1051; baseline 0.002 -8"><span class='ocrx_word' id='word_1_107' title='bbox 140 1010 228 1044; x_wconf 90' lang='lat' dir='ltr'>naturae</span> <span class='ocrx_word' id='word_1_108' title='bbox 248 1011 268 1044; x_wconf 87' lang='lat' dir='ltr'>et</span> <span class='ocrx_word' id='word_1_109' title='bbox 286 1008 445 1051; x_wconf 87' lang='lat' dir='ltr'>plenitudinem</span> <span class='ocrx_word' id='word_1_110' title='bbox 463 1008 485 1043; x_wconf 88' lang='lat' dir='ltr'>in</span> <span class='ocrx_word' id='word_1_111' title='bbox 504 1019 550 1050; x_wconf 90' lang='lat' dir='ltr'>nos,</span> <span class='ocrx_word' id='word_1_112' title='bbox 570 1009 738 1051; x_wconf 82' lang='lat' dir='ltr'>congrediantur</span> <span class='ocrx_word' id='word_1_113' title='bbox 757 1011 777 1045; x_wconf 87' lang='lat' dir='ltr'>et</span> <span class='ocrx_word' id='word_1_114' title='bbox 795 1012 927 1045; x_wconf 89' lang='lat' dir='ltr'>concurrant</span> <span class='ocrx_word' id='word_1_115' title='bbox 944 1013 964 1045; x_wconf 89' lang='lat' dir='ltr'>et</span> 
     </span>
     <span class='ocr_line' id='line_1_14' title="bbox 140 1079 963 1125; baseline 0.002 -11"><span class='ocrx_word' id='word_1_116' title='bbox 140 1079 207 1116; x_wconf 90' lang='lat' dir='ltr'>Filius</span> <span class='ocrx_word' id='word_1_117' title='bbox 224 1084 244 1117; x_wconf 91' lang='lat' dir='ltr'>et</span> <span class='ocrx_word' id='word_1_118' title='bbox 257 1080 347 1117; x_wconf 87' lang='lat' dir='ltr'>Sanctus</span> <span class='ocrx_word' id='word_1_119' title='bbox 363 1080 470 1123; x_wconf 72' lang='lat' dir='ltr'>Spiritus?</span> <span class='ocrx_word' id='word_1_120' title='bbox 486 1080 540 1117; x_wconf 90' lang='lat' dir='ltr'>Sane</span> <span class='ocrx_word' id='word_1_121' title='bbox 557 1091 619 1117; x_wconf 89' lang='lat' dir='ltr'>nemo</span> <span class='ocrx_word' id='word_1_122' title='bbox 634 1091 729 1125; x_wconf 91' lang='lat' dir='ltr'>unquam</span> <span class='ocrx_word' id='word_1_123' title='bbox 744 1081 807 1117; x_wconf 90' lang='lat' dir='ltr'>vellet</span> <span class='ocrx_word' id='word_1_124' title='bbox 824 1081 895 1118; x_wconf 91' lang='lat' dir='ltr'>dicere</span> <span class='ocrx_word' id='word_1_125' title='bbox 912 1082 963 1117; x_wconf 92' lang='lat' dir='ltr'>mul-</span> 
     </span>
     <span class='ocr_line' id='line_1_15' title="bbox 140 1152 962 1196; baseline 0.001 -8"><span class='ocrx_word' id='word_1_126' title='bbox 140 1152 255 1189; x_wconf 90' lang='lat' dir='ltr'>titudinem</span> <span class='ocrx_word' id='word_1_127' title='bbox 273 1153 434 1196; x_wconf 90' lang='lat' dir='ltr'>quodammodo</span> <span class='ocrx_word' id='word_1_128' title='bbox 451 1153 539 1190; x_wconf 90' lang='lat' dir='ltr'>deorum</span> <span class='ocrx_word' id='word_1_129' title='bbox 556 1153 654 1190; x_wconf 85' lang='lat' dir='ltr'>hahitare</span> <span class='ocrx_word' id='word_1_130' title='bbox 670 1153 695 1188; x_wconf 93' lang='grc'>111</span> <span class='ocrx_word' id='word_1_131' title='bbox 713 1153 782 1196; x_wconf 85' lang='lat' dir='ltr'>nobis,</span> <span class='ocrx_word' id='word_1_132' title='bbox 801 1153 839 1190; x_wconf 88' lang='lat' dir='ltr'>sed</span> <span class='ocrx_word' id='word_1_133' title='bbox 856 1164 923 1190; x_wconf 89' lang='lat' dir='ltr'>unum</span> <span class='ocrx_word' id='word_1_134' title='bbox 941 1154 962 1189; x_wconf 94' lang='lat' dir='ltr'>in</span> 
     </span>
     <span class='ocr_line' id='line_1_16' title="bbox 141 1223 700 1269; baseline 0.002 -10"><span class='ocrx_word' id='word_1_135' title='bbox 141 1223 222 1261; x_wconf 90' lang='lat' dir='ltr'>unitate</span> <span class='ocrx_word' id='word_1_136' title='bbox 236 1224 357 1262; x_wconf 89' lang='lat' dir='ltr'>divinitatis</span> <span class='ocrx_word' id='word_1_137' title='bbox 371 1225 474 1262; x_wconf 83' lang='lat' dir='ltr'>exsistere</span> <span class='ocrx_word' id='word_1_138' title='bbox 488 1229 531 1262; x_wconf 92' lang='lat' dir='ltr'>tres</span> <span class='ocrx_word' id='word_1_139' title='bbox 544 1236 648 1269; x_wconf 86' lang='lat' dir='ltr'>personas</span> <span class='ocrx_word' id='word_1_140' title='bbox 657 1228 700 1261; x_wconf 60' lang='lat'>»⁹⁶2</span> 
     </span>
    </p>

    <p class='ocr_par' dir='ltr' id='par_1_5' title="bbox 113 1297 967 2216">
     <span class='ocr_line' id='line_1_17' title="bbox 196 1297 964 1348; baseline 0.009 -15"><span class='ocrx_word' id='word_1_141' title='bbox 196 1297 214 1333; x_wconf 89' lang='lat' dir='ltr'>S.</span> <span class='ocrx_word' id='word_1_142' title='bbox 227 1297 381 1335; x_wconf 78' lang='lat' dir='ltr'>Aunusrnuus:</span> <span class='ocrx_word' id='word_1_143' title='bbox 399 1299 495 1336; x_wconf 75' lang='lat' dir='ltr'>«Verum</span> <span class='ocrx_word' id='word_1_144' title='bbox 510 1301 563 1337; x_wconf 90' lang='lat' dir='ltr'>illud</span> <span class='ocrx_word' id='word_1_145' title='bbox 577 1305 608 1338; x_wconf 89' lang='lat' dir='ltr'>est</span> <span class='ocrx_word' id='word_1_146' title='bbox 622 1302 688 1340; x_wconf 90' lang='lat' dir='ltr'>multo</span> <span class='ocrx_word' id='word_1_147' title='bbox 703 1303 831 1347; x_wconf 88' lang='lat' dir='ltr'>mirabilius,</span> <span class='ocrx_word' id='word_1_148' title='bbox 846 1304 904 1348; x_wconf 93' lang='lat' dir='ltr'>quod</span> <span class='ocrx_word' id='word_1_149' title='bbox 918 1315 964 1341; x_wconf 88' lang='lat' dir='ltr'>curn</span> 
     </span>
     <span class='ocr_line' id='line_1_18' title="bbox 139 1368 962 1415; baseline 0.011 -11"><span class='ocrx_word' id='word_1_150' title='bbox 139 1368 197 1405; x_wconf 90' lang='lat' dir='ltr'>Deus</span> <span class='ocrx_word' id='word_1_151' title='bbox 212 1369 291 1414; x_wconf 91' lang='lat' dir='ltr'>ubique</span> <span class='ocrx_word' id='word_1_152' title='bbox 308 1370 335 1407; x_wconf 86' lang='lat' dir='ltr'>sit</span> <span class='ocrx_word' id='word_1_153' title='bbox 352 1373 414 1415; x_wconf 90' lang='lat' dir='ltr'>totus,</span> <span class='ocrx_word' id='word_1_154' title='bbox 431 1381 474 1408; x_wconf 94' lang='lat' dir='ltr'>non</span> <span class='ocrx_word' id='word_1_155' title='bbox 490 1375 560 1409; x_wconf 93' lang='lat' dir='ltr'>tamen</span> <span class='ocrx_word' id='word_1_156' title='bbox 578 1373 601 1409; x_wconf 94' lang='lat' dir='ltr'>in</span> <span class='ocrx_word' id='word_1_157' title='bbox 618 1374 717 1411; x_wconf 90' lang='lat' dir='ltr'>omnibus</span> <span class='ocrx_word' id='word_1_158' title='bbox 734 1375 823 1413; x_wconf 89' lang='lat' dir='ltr'>habitat.</span> <span class='ocrx_word' id='word_1_159' title='bbox 840 1376 888 1414; x_wconf 93' lang='lat' dir='ltr'>Non</span> <span class='ocrx_word' id='word_1_160' title='bbox 905 1377 962 1414; x_wconf 91' lang='lat' dir='ltr'>enim</span> 
     </span>
     <span class='ocr_line' id='line_1_19' title="bbox 143 1442 964 1500; baseline 0.012 -23"><span class='ocrx_word' id='word_1_161' title='bbox 143 1442 243 1479; x_wconf 90' lang='lat' dir='ltr'>omnibus</span> <span class='ocrx_word' id='word_1_162' title='bbox 260 1443 303 1479; x_wconf 89' lang='lat' dir='ltr'>dici</span> <span class='ocrx_word' id='word_1_163' title='bbox 319 1447 390 1487; x_wconf 88' lang='lat' dir='ltr'>potest</span> <span class='ocrx_word' id='word_1_164' title='bbox 405 1446 463 1489; x_wconf 89' lang='lat' dir='ltr'>quod</span> <span class='ocrx_word' id='word_1_165' title='bbox 479 1446 508 1482; x_wconf 93' lang='lat' dir='ltr'>ait</span> <span class='ocrx_word' id='word_1_166' title='bbox 525 1447 640 1500; x_wconf 84' lang='lat' dir='ltr'>apostolus,</span> <span class='ocrx_word' id='word_1_167' title='bbox 656 1449 689 1484; x_wconf 83' lang='lat' dir='ltr'>uel</span> <span class='ocrx_word' id='word_1_168' title='bbox 704 1449 762 1492; x_wconf 93' lang='lat' dir='ltr'>quod</span> <span class='ocrx_word' id='word_1_169' title='bbox 778 1448 821 1486; x_wconf 90' lang='lat' dir='ltr'>iam</span> <span class='ocrx_word' id='word_1_170' title='bbox 839 1449 916 1493; x_wconf 68' lang='grc'><strong>(1111111,</strong></span> <span class='ocrx_word' id='word_1_171' title='bbox 934 1452 964 1487; x_wconf 88' lang='lat' dir='ltr'>vel</span> 
     </span>
     <span class='ocr_line' id='line_1_20' title="bbox 143 1514 966 1564; baseline 0.011 -14"><span class='ocrx_word' id='word_1_172' title='bbox 143 1514 207 1551; x_wconf 87' lang='lat' dir='ltr'>ctiam</span> <span class='ocrx_word' id='word_1_173' title='bbox 217 1516 282 1552; x_wconf 91' lang='lat' dir='ltr'>illud:</span> <span class='ocrx_word' id='word_1_174' title='bbox 296 1516 389 1553; x_wconf 83' lang='lat' dir='ltr'>Nescitis</span> <span class='ocrx_word' id='word_1_175' title='bbox 401 1517 450 1561; x_wconf 89' lang='lat' dir='ltr'>quia</span> <span class='ocrx_word' id='word_1_176' title='bbox 463 1519 566 1561; x_wconf 87' lang='lat' dir='ltr'>templum</span> <span class='ocrx_word' id='word_1_177' title='bbox 576 1519 616 1556; x_wconf 87' lang='lat' dir='ltr'>Dei</span> <span class='ocrx_word' id='word_1_178' title='bbox 628 1521 685 1564; x_wconf 88' lang='lat' dir='ltr'>estis,</span> <span class='ocrx_word' id='word_1_179' title='bbox 698 1524 718 1557; x_wconf 91' lang='lat' dir='ltr'>et</span> <span class='ocrx_word' id='word_1_180' title='bbox 730 1520 823 1564; x_wconf 89' lang='lat' dir='ltr'>Spiritus</span> <span class='ocrx_word' id='word_1_181' title='bbox 833 1522 873 1559; x_wconf 92' lang='lat' dir='ltr'>Dei</span> <span class='ocrx_word' id='word_1_182' title='bbox 884 1522 966 1559; x_wconf 89' lang='lat' dir='ltr'>habitat</span> 
     </span>
     <span class='ocr_line' id='line_1_21' title="bbox 113 1587 966 1638; baseline 0.011 -16"><span class='ocrx_word' id='word_1_183' title='bbox 113 1598 117 1609; x_wconf 60' lang='lat'>³</span> <span class='ocrx_word' id='word_1_184' title='bbox 144 1587 164 1623; x_wconf 87' lang='lat' dir='ltr'>in</span> <span class='ocrx_word' id='word_1_185' title='bbox 179 1587 286 1625; x_wconf 58' lang='lat' dir='ltr'>vebistis.</span> <span class='ocrx_word' id='word_1_186' title='bbox 298 1588 360 1626; x_wconf 69' lang='lat' dir='ltr'>&#39;Unde</span> <span class='ocrx_word' id='word_1_187' title='bbox 374 1592 394 1626; x_wconf 92' lang='lat' dir='ltr'>et</span> <span class='ocrx_word' id='word_1_188' title='bbox 406 1601 417 1626; x_wconf 96' lang='lat' dir='ltr'>e</span> <span class='ocrx_word' id='word_1_189' title='bbox 431 1590 540 1627; x_wconf 86' lang='lat' dir='ltr'>contrario</span> <span class='ocrx_word' id='word_1_190' title='bbox 555 1591 580 1628; x_wconf 91' lang='lat' dir='ltr'>de</span> <span class='ocrx_word' id='word_1_191' title='bbox 594 1592 723 1635; x_wconf 89' lang='lat' dir='ltr'>quibusdam</span> <span class='ocrx_word' id='word_1_192' title='bbox 736 1592 800 1630; x_wconf 89' lang='lat' dir='ltr'>dicit:</span> <span class='ocrx_word' id='word_1_193' title='bbox 817 1593 918 1638; x_wconf 85' lang='lat' dir='ltr'>Quisquis</span> <span class='ocrx_word' id='word_1_194' title='bbox 932 1606 966 1632; x_wconf 90' lang='lat' dir='ltr'>au-</span> 
     </span>
     <span class='ocr_line' id='line_1_22' title="bbox 144 1660 965 1710; baseline 0.01 -14"><span class='ocrx_word' id='word_1_195' title='bbox 144 1663 185 1696; x_wconf 88' lang='lat' dir='ltr'>tem</span> <span class='ocrx_word' id='word_1_196' title='bbox 198 1660 301 1703; x_wconf 87' lang='lat' dir='ltr'>Spiritum</span> <span class='ocrx_word' id='word_1_197' title='bbox 316 1660 396 1698; x_wconf 88' lang='lat' dir='ltr'>Christi</span> <span class='ocrx_word' id='word_1_198' title='bbox 409 1673 452 1699; x_wconf 89' lang='lat' dir='ltr'>non</span> <span class='ocrx_word' id='word_1_199' title='bbox 466 1663 536 1706; x_wconf 88' lang='lat' dir='ltr'>habet,</span> <span class='ocrx_word' id='word_1_200' title='bbox 549 1663 584 1700; x_wconf 84' lang='lat' dir='ltr'>hic</span> <span class='ocrx_word' id='word_1_201' title='bbox 597 1674 639 1700; x_wconf 95' lang='lat' dir='ltr'>non</span> <span class='ocrx_word' id='word_1_202' title='bbox 653 1669 684 1701; x_wconf 88' lang='lat' dir='ltr'>est</span> <span class='ocrx_word' id='word_1_203' title='bbox 698 1665 743 1701; x_wconf 90' lang='lat' dir='ltr'>eius</span> <span class='ocrx_word' id='word_1_204' title='bbox 752 1669 775 1702; x_wconf 77' lang='lat'>⁹⁹.</span> <span class='ocrx_word' id='word_1_205' title='bbox 789 1665 841 1709; x_wconf 86' lang='lat' dir='ltr'>Quis</span> <span class='ocrx_word' id='word_1_206' title='bbox 853 1677 919 1710; x_wconf 89' lang='lat' dir='ltr'>porro</span> <span class='ocrx_word' id='word_1_207' title='bbox 933 1678 965 1704; x_wconf 92' lang='lat' dir='ltr'>au-</span> 
     </span>
     <span class='ocr_line' id='line_1_23' title="bbox 144 1733 965 1781; baseline 0.006 -12"><span class='ocrx_word' id='word_1_208' title='bbox 144 1733 192 1769; x_wconf 89' lang='lat' dir='ltr'>deat</span> <span class='ocrx_word' id='word_1_209' title='bbox 214 1734 307 1776; x_wconf 89' lang='lat' dir='ltr'>opinari,</span> <span class='ocrx_word' id='word_1_210' title='bbox 330 1734 373 1771; x_wconf 91' lang='lat' dir='ltr'>nisi</span> <span class='ocrx_word' id='word_1_211' title='bbox 395 1735 492 1779; x_wconf 91' lang='lat' dir='ltr'>quisquis</span> <span class='ocrx_word' id='word_1_212' title='bbox 516 1736 723 1779; x_wconf 88' lang='lat' dir='ltr'>inseparabilitatem</span> <span class='ocrx_word' id='word_1_213' title='bbox 746 1739 832 1781; x_wconf 88' lang='lat' dir='ltr'>penitus</span> <span class='ocrx_word' id='word_1_214' title='bbox 854 1739 965 1776; x_wconf 72' lang='lat' dir='ltr'>Trinitatis</span> 
     </span>
     <span class='ocr_line' id='line_1_24' title="bbox 143 1805 966 1856; baseline 0.009 -15"><span class='ocrx_word' id='word_1_215' title='bbox 143 1805 234 1848; x_wconf 81' lang='lat' dir='ltr'>ignorat,</span> <span class='ocrx_word' id='word_1_216' title='bbox 252 1807 310 1850; x_wconf 93' lang='lat' dir='ltr'>quod</span> <span class='ocrx_word' id='word_1_217' title='bbox 328 1807 350 1842; x_wconf 94' lang='lat' dir='ltr'>in</span> <span class='ocrx_word' id='word_1_218' title='bbox 369 1807 441 1851; x_wconf 92' lang='lat' dir='ltr'>aliquo</span> <span class='ocrx_word' id='word_1_219' title='bbox 459 1807 557 1844; x_wconf 90' lang='lat' dir='ltr'>habitare</span> <span class='ocrx_word' id='word_1_220' title='bbox 575 1809 644 1851; x_wconf 89' lang='lat' dir='ltr'>possit</span> <span class='ocrx_word' id='word_1_221' title='bbox 660 1809 723 1847; x_wconf 88' lang='lat' dir='ltr'>Pater</span> <span class='ocrx_word' id='word_1_222' title='bbox 740 1814 775 1847; x_wconf 92' lang='lat' dir='ltr'>aut</span> <span class='ocrx_word' id='word_1_223' title='bbox 793 1810 867 1855; x_wconf 87' lang='lat' dir='ltr'>Filius,</span> <span class='ocrx_word' id='word_1_224' title='bbox 886 1812 908 1848; x_wconf 96' lang='lat' dir='ltr'>in</span> <span class='ocrx_word' id='word_1_225' title='bbox 926 1823 966 1856; x_wconf 89' lang='lat' dir='ltr'>quo</span> 
     </span>
     <span class='ocr_line' id='line_1_25' title="bbox 144 1878 966 1928; baseline 0.009 -15"><span class='ocrx_word' id='word_1_226' title='bbox 144 1888 186 1914; x_wconf 92' lang='lat' dir='ltr'>non</span> <span class='ocrx_word' id='word_1_227' title='bbox 199 1878 282 1915; x_wconf 88' lang='lat' dir='ltr'>habitet</span> <span class='ocrx_word' id='word_1_228' title='bbox 294 1878 387 1922; x_wconf 89' lang='lat' dir='ltr'>Spiritus</span> <span class='ocrx_word' id='word_1_229' title='bbox 401 1879 497 1923; x_wconf 90' lang='lat' dir='ltr'>Sanctus,</span> <span class='ocrx_word' id='word_1_230' title='bbox 510 1884 545 1917; x_wconf 86' lang='lat' dir='ltr'>aut</span> <span class='ocrx_word' id='word_1_231' title='bbox 558 1881 580 1917; x_wconf 92' lang='lat' dir='ltr'>in</span> <span class='ocrx_word' id='word_1_232' title='bbox 593 1880 664 1925; x_wconf 89' lang='lat' dir='ltr'>aliquo</span> <span class='ocrx_word' id='word_1_233' title='bbox 678 1881 770 1925; x_wconf 89' lang='lat' dir='ltr'>Spiritus</span> <span class='ocrx_word' id='word_1_234' title='bbox 784 1886 877 1927; x_wconf 87' lang='lat' dir='ltr'>sanctus,</span> <span class='ocrx_word' id='word_1_235' title='bbox 889 1884 912 1920; x_wconf 92' lang='lat' dir='ltr'>in</span> <span class='ocrx_word' id='word_1_236' title='bbox 926 1894 966 1928; x_wconf 90' lang='lat' dir='ltr'>quo</span> 
     </span>
     <span class='ocr_line' id='line_1_26' title="bbox 144 1951 967 2000; baseline 0.009 -14"><span class='ocrx_word' id='word_1_237' title='bbox 144 1960 186 1987; x_wconf 91' lang='lat' dir='ltr'>non</span> <span class='ocrx_word' id='word_1_238' title='bbox 203 1954 222 1987; x_wconf 92' lang='lat' dir='ltr'>et</span> <span class='ocrx_word' id='word_1_239' title='bbox 237 1951 299 1987; x_wconf 90' lang='lat' dir='ltr'>Pater</span> <span class='ocrx_word' id='word_1_240' title='bbox 314 1955 333 1988; x_wconf 89' lang='lat' dir='ltr'>et</span> <span class='ocrx_word' id='word_1_241' title='bbox 347 1951 429 1988; x_wconf 79' lang='lat' dir='ltr'>Filius?</span> <span class='ocrx_word' id='word_1_242' title='bbox 442 1952 504 1990; x_wconf 88' lang='lat' dir='ltr'>llnde</span> <span class='ocrx_word' id='word_1_243' title='bbox 520 1953 630 1990; x_wconf 84' lang='lat' dir='ltr'>latendum</span> <span class='ocrx_word' id='word_1_244' title='bbox 646 1958 677 1991; x_wconf 91' lang='lat' dir='ltr'>est</span> <span class='ocrx_word' id='word_1_245' title='bbox 691 1954 770 1999; x_wconf 87' lang='lat' dir='ltr'>ubique</span> <span class='ocrx_word' id='word_1_246' title='bbox 785 1967 831 1992; x_wconf 89' lang='lat' dir='ltr'>esse</span> <span class='ocrx_word' id='word_1_247' title='bbox 846 1956 914 1993; x_wconf 90' lang='lat' dir='ltr'>Deum</span> <span class='ocrx_word' id='word_1_248' title='bbox 929 1966 967 2000; x_wconf 84' lang='lat' dir='ltr'>per</span> 
     </span>
     <span class='ocr_line' id='line_1_27' title="bbox 145 2023 966 2075; baseline 0.004 -16"><span class='ocrx_word' id='word_1_249' title='bbox 145 2023 265 2060; x_wconf 87' lang='lat' dir='ltr'>divinitatis</span> <span class='ocrx_word' id='word_1_250' title='bbox 281 2024 433 2067; x_wconf 90' lang='lat' dir='ltr'>praesentiam,</span> <span class='ocrx_word' id='word_1_251' title='bbox 450 2025 488 2061; x_wconf 88' lang='lat' dir='ltr'>sed</span> <span class='ocrx_word' id='word_1_252' title='bbox 505 2035 547 2061; x_wconf 95' lang='lat' dir='ltr'>non</span> <span class='ocrx_word' id='word_1_253' title='bbox 565 2025 643 2069; x_wconf 87' lang='lat' dir='ltr'>ubique</span> <span class='ocrx_word' id='word_1_254' title='bbox 659 2037 697 2069; x_wconf 88' lang='lat' dir='ltr'>per</span> <span class='ocrx_word' id='word_1_255' title='bbox 713 2026 854 2075; x_wconf 87' lang='lat' dir='ltr'>habitationis</span> <span class='ocrx_word' id='word_1_256' title='bbox 871 2028 966 2071; x_wconf 80' lang='lat' dir='ltr'>gratiam.</span> 
     </span>
     <span class='ocr_line' id='line_1_28' title="bbox 144 2087 967 2143; baseline 0.006 -12"><span class='ocrx_word' id='word_1_257' title='bbox 144 2094 234 2138; x_wconf 84' lang='lat' dir='ltr'>Propter</span> <span class='ocrx_word' id='word_1_258' title='bbox 246 2095 303 2132; x_wconf 91' lang='lat' dir='ltr'>hanc</span> <span class='ocrx_word' id='word_1_259' title='bbox 317 2096 375 2134; x_wconf 85' lang='lat' dir='ltr'>enim</span> <span class='ocrx_word' id='word_1_260' title='bbox 388 2096 551 2140; x_wconf 88' lang='lat' dir='ltr'>habitationem,</span> <span class='ocrx_word' id='word_1_261' title='bbox 565 2098 602 2134; x_wconf 90' lang='lat' dir='ltr'>ubi</span> <span class='ocrx_word' id='word_1_262' title='bbox 617 2099 692 2141; x_wconf 90' lang='lat' dir='ltr'>procul</span> <span class='ocrx_word' id='word_1_263' title='bbox 709 2099 774 2136; x_wconf 92' lang='lat' dir='ltr'>dubio</span> <span class='ocrx_word' id='word_1_264' title='bbox 788 2087 856 2143; x_wconf 82' lang='lat' dir='ltr'>gratia</span> <span class='ocrx_word' id='word_1_265' title='bbox 873 2100 967 2137; x_wconf 88' lang='lat' dir='ltr'>dilectio-</span> 
     </span>
     <span class='ocr_line' id='line_1_29' title="bbox 145 2168 966 2216; baseline 0.006 -14"><span class='ocrx_word' id='word_1_266' title='bbox 145 2168 178 2203; x_wconf 89' lang='lat' dir='ltr'>nis</span> <span class='ocrx_word' id='word_1_267' title='bbox 193 2168 238 2205; x_wconf 93' lang='lat' dir='ltr'>eius</span> <span class='ocrx_word' id='word_1_268' title='bbox 251 2168 381 2211; x_wconf 81' lang='lat' dir='ltr'>agnoscitur,</span> <span class='ocrx_word' id='word_1_269' title='bbox 396 2178 439 2206; x_wconf 92' lang='lat' dir='ltr'>non</span> <span class='ocrx_word' id='word_1_270' title='bbox 455 2169 554 2211; x_wconf 86' lang='lat' dir='ltr'>dicimus,</span> <span class='ocrx_word' id='word_1_271' title='bbox 568 2169 630 2206; x_wconf 90' lang='lat' dir='ltr'>Pater</span> <span class='ocrx_word' id='word_1_272' title='bbox 644 2175 717 2207; x_wconf 86' lang='lat' dir='ltr'>noster</span> <span class='ocrx_word' id='word_1_273' title='bbox 731 2172 768 2215; x_wconf 92' lang='lat' dir='ltr'>qui</span> <span class='ocrx_word' id='word_1_274' title='bbox 784 2183 805 2208; x_wconf 91' lang='lat' dir='ltr'>es</span> <span class='ocrx_word' id='word_1_275' title='bbox 821 2172 906 2216; x_wconf 90' lang='lat' dir='ltr'>ubique,</span> <span class='ocrx_word' id='word_1_276' title='bbox 920 2181 966 2209; x_wconf 87' lang='lat' dir='ltr'>cum</span> 
     </span>
    </p>
   </div>
   <div class='ocr_carea' id='block_1_5' title="bbox 148 2392 968 2793">
    <p class='ocr_par' dir='ltr' id='par_1_6' title="bbox 148 2392 968 2494">
     <span class='ocr_line' id='line_1_30' title="bbox 195 2392 968 2434; baseline 0.004 -11"><span class='ocrx_word' id='word_1_277' title='bbox 195 2396 212 2416; x_wconf 67' lang='lat'>³¹5»</span> <span class='ocrx_word' id='word_1_278' title='bbox 226 2392 252 2424; x_wconf 87' lang='lat' dir='ltr'>De</span> <span class='ocrx_word' id='word_1_279' title='bbox 267 2393 369 2432; x_wconf 84' lang='lat' dir='ltr'>Trinitate,</span> <span class='ocrx_word' id='word_1_280' title='bbox 385 2393 415 2431; x_wconf 78' lang='lat'>29;</span> <span class='ocrx_word' id='word_1_281' title='bbox 431 2394 464 2425; x_wconf 84' lang='lat' dir='ltr'>ML</span> <span class='ocrx_word' id='word_1_282' title='bbox 478 2393 494 2432; x_wconf 83' lang='lat'>3,</span> <span class='ocrx_word' id='word_1_283' title='bbox 509 2394 553 2432; x_wconf 60' lang='lat' dir='ltr'>alh·</span> <span class='ocrx_word' id='word_1_284' title='bbox 569 2395 585 2427; x_wconf 87' lang='lat' dir='ltr'><strong>R</strong></span> <span class='ocrx_word' id='word_1_285' title='bbox 599 2394 638 2427; x_wconf 79' lang='lat'>607.</span> <span class='ocrx_word' id='word_1_286' title='bbox 654 2395 682 2427; x_wconf 79' lang='lat' dir='ltr'>Cf.</span> <span class='ocrx_word' id='word_1_287' title='bbox 699 2395 824 2434; x_wconf 71' lang='lat' dir='ltr'>Athanasius,</span> <span class='ocrx_word' id='word_1_288' title='bbox 841 2396 856 2428; x_wconf 79' lang='lat' dir='ltr'>a</span> <span class='ocrx_word' id='word_1_289' title='bbox 872 2396 910 2434; x_wconf 83' lang='lat'>770,</span> <span class='ocrx_word' id='word_1_290' title='bbox 927 2395 968 2427; x_wconf 76' lang='lat'>730:</span> 
     </span>
     <span class='ocr_line' id='line_1_31' title="bbox 148 2452 722 2494; baseline 0.007 -11"><span class='ocrx_word' id='word_1_291' title='bbox 148 2452 190 2491; x_wconf 63' lang='lat' dir='ltr'>Cpr.</span> <span class='ocrx_word' id='word_1_292' title='bbox 203 2453 260 2491; x_wconf 72' lang='lat' dir='ltr'>Hier,</span> <span class='ocrx_word' id='word_1_293' title='bbox 273 2453 289 2485; x_wconf 89' lang='lat' dir='ltr'>R</span> <span class='ocrx_word' id='word_1_294' title='bbox 302 2452 345 2491; x_wconf 73' lang='lat'>813,</span> <span class='ocrx_word' id='word_1_295' title='bbox 359 2453 453 2493; x_wconf 89' lang='lat' dir='ltr'>Hilarius,</span> <span class='ocrx_word' id='word_1_296' title='bbox 465 2454 481 2486; x_wconf 85' lang='lat' dir='ltr'>R</span> <span class='ocrx_word' id='word_1_297' title='bbox 494 2453 537 2492; x_wconf 83' lang='lat'><strong>872;</strong></span> <span class='ocrx_word' id='word_1_298' title='bbox 551 2454 643 2494; x_wconf 88' lang='lat' dir='ltr'>Basilius,</span> <span class='ocrx_word' id='word_1_299' title='bbox 655 2455 671 2488; x_wconf 90' lang='lat' dir='ltr'>R</span> <span class='ocrx_word' id='word_1_300' title='bbox 683 2455 722 2487; x_wconf 72' lang='lat' dir='ltr'>alx.</span> 
     </span>
    </p>

    <p class='ocr_par' dir='ltr' id='par_1_7' title="bbox 195 2513 678 2553">
     <span class='ocr_line' id='line_1_32' title="bbox 195 2513 678 2553; baseline 0.006 -9"><span class='ocrx_word' id='word_1_301' title='bbox 195 2517 212 2537; x_wconf 67' lang='lat'>⁹⁶</span> <span class='ocrx_word' id='word_1_302' title='bbox 226 2513 252 2545; x_wconf 88' lang='lat' dir='ltr'>De</span> <span class='ocrx_word' id='word_1_303' title='bbox 264 2513 360 2546; x_wconf 87' lang='lat' dir='ltr'>Trinitate</span> <span class='ocrx_word' id='word_1_304' title='bbox 372 2514 388 2553; x_wconf 83' lang='lat'>2,</span> <span class='ocrx_word' id='word_1_305' title='bbox 399 2514 414 2553; x_wconf 83' lang='lat'>6,</span> <span class='ocrx_word' id='word_1_306' title='bbox 427 2514 446 2552; x_wconf 87' lang='lat'>7;</span> <span class='ocrx_word' id='word_1_307' title='bbox 459 2514 533 2553; x_wconf 73' lang='grc'><strong>111139,</strong></span> <span class='ocrx_word' id='word_1_308' title='bbox 545 2514 587 2553; x_wconf 81' lang='lat'><strong>529;</strong></span> <span class='ocrx_word' id='word_1_309' title='bbox 601 2514 678 2547; x_wconf 82' lang='grc'><strong>1111171.</strong></span> 
     </span>
    </p>

    <p class='ocr_par' dir='ltr' id='par_1_8' title="bbox 149 2573 968 2672">
     <span class='ocr_line' id='line_1_33' title="bbox 194 2573 968 2615; baseline 0.001 -10"><span class='ocrx_word' id='word_1_310' title='bbox 194 2577 211 2598; x_wconf 60' lang='lat'>*¹7</span> <span class='ocrx_word' id='word_1_311' title='bbox 225 2573 308 2606; x_wconf 78' lang='lat' dir='ltr'>Nescitis</span> <span class='ocrx_word' id='word_1_312' title='bbox 320 2575 415 2613; x_wconf 81' lang='lat' dir='ltr'>quoniam</span> <span class='ocrx_word' id='word_1_313' title='bbox 426 2584 507 2613; x_wconf 87' lang='lat' dir='ltr'>corpora</span> <span class='ocrx_word' id='word_1_314' title='bbox 519 2577 583 2607; x_wconf 85' lang='lat' dir='ltr'>vestra</span> <span class='ocrx_word' id='word_1_315' title='bbox 597 2575 692 2613; x_wconf 89' lang='lat' dir='ltr'>templum</span> <span class='ocrx_word' id='word_1_316' title='bbox 706 2576 725 2607; x_wconf 91' lang='lat' dir='ltr'>in</span> <span class='ocrx_word' id='word_1_317' title='bbox 739 2576 793 2608; x_wconf 80' lang='lat' dir='ltr'>robis</span> <span class='ocrx_word' id='word_1_318' title='bbox 807 2577 891 2615; x_wconf 89' lang='lat' dir='ltr'>Spiritus</span> <span class='ocrx_word' id='word_1_319' title='bbox 906 2574 968 2609; x_wconf 79' lang='lat' dir='ltr'>Sancti</span> 
     </span>
     <span class='ocr_line' id='line_1_34' title="bbox 149 2633 575 2672; baseline 0 -6"><span class='ocrx_word' id='word_1_320' title='bbox 149 2637 183 2669; x_wconf 71' lang='lat' dir='ltr'>est,</span> <span class='ocrx_word' id='word_1_321' title='bbox 197 2644 254 2672; x_wconf 87' lang='lat' dir='ltr'>quem</span> <span class='ocrx_word' id='word_1_322' title='bbox 268 2633 345 2666; x_wconf 89' lang='lat' dir='ltr'>hahetis</span> <span class='ocrx_word' id='word_1_323' title='bbox 361 2645 370 2666; x_wconf 89' lang='lat' dir='ltr'>a</span> <span class='ocrx_word' id='word_1_324' title='bbox 385 2634 430 2672; x_wconf 83' lang='lat' dir='ltr'>Deo,</span> <span class='ocrx_word' id='word_1_325' title='bbox 445 2636 452 2666; x_wconf 85' lang='lat' dir='ltr'>l</span> <span class='ocrx_word' id='word_1_326' title='bbox 468 2634 504 2667; x_wconf 88' lang='lat' dir='ltr'>Cor</span> <span class='ocrx_word' id='word_1_327' title='bbox 518 2635 534 2669; x_wconf 82' lang='lat'>6,</span> <span class='ocrx_word' id='word_1_328' title='bbox 549 2635 575 2667; x_wconf 76' lang='lat'>19.</span> 
     </span>
    </p>

    <p class='ocr_par' dir='ltr' id='par_1_9' title="bbox 197 2693 356 2733">
     <span class='ocr_line' id='line_1_35' title="bbox 197 2693 356 2733; baseline 0 -7"><span class='ocrx_word' id='word_1_329' title='bbox 197 2697 213 2719; x_wconf 65' lang='lat'>²³⁸</span> <span class='ocrx_word' id='word_1_330' title='bbox 228 2695 236 2726; x_wconf 87' lang='lat' dir='ltr'>i</span> <span class='ocrx_word' id='word_1_331' title='bbox 251 2693 288 2726; x_wconf 89' lang='lat' dir='ltr'>Cor</span> <span class='ocrx_word' id='word_1_332' title='bbox 300 2694 316 2733; x_wconf 85' lang='lat'>3,</span> <span class='ocrx_word' id='word_1_333' title='bbox 330 2694 356 2726; x_wconf 84' lang='grc'>16.</span> 
     </span>
    </p>

    <p class='ocr_par' dir='ltr' id='par_1_10' title="bbox 195 2754 335 2793">
     <span class='ocr_line' id='line_1_36' title="bbox 195 2754 335 2793; baseline 0 -7"><span class='ocrx_word' id='word_1_334' title='bbox 195 2758 211 2779; x_wconf 72' lang='lat'>&#39;³⁹</span> <span class='ocrx_word' id='word_1_335' title='bbox 226 2755 273 2787; x_wconf 86' lang='lat' dir='ltr'>Rom</span> <span class='ocrx_word' id='word_1_336' title='bbox 289 2754 305 2793; x_wconf 73' lang='lat'>8,</span> <span class='ocrx_word' id='word_1_337' title='bbox 319 2755 335 2787; x_wconf 80' lang='lat'>9.</span> 
     </span>
    </p>
   </div>
   <div class='ocr_carea' id='block_1_6' title="bbox 0 0 992 3093">
    <p class='ocr_par' dir='ltr' id='par_1_11' title="bbox 0 0 992 3093">
     <span class='ocr_line' id='line_1_37' title="bbox 0 0 992 3093; baseline 0 0"><span class='ocrx_word' id='word_1_338' title='bbox 0 0 992 3093; x_wconf 95' lang='lat' dir='ltr'> </span> 
     </span>
    </p>
   </div>
  </div>
 </body>
</html>
