1952 3093
437 260 488 297 Doc.
501 260 621 297 nocensne

168 415 219 451 Doc.
229 415 282 452 eccl.
292 425 336 452 non
347 415 401 453 adeo
410 416 476 453 multa
487 419 542 459 sunt,
553 417 575 452 in
587 417 665 460 quihus
675 418 729 455 haec
738 419 817 454 veritas
829 419 909 456 directe
920 424 939 456 et

118 486 201 523 ratione
212 487 245 524 sui
258 487 391 533 enuntietur;
404 489 530 533 plerumque
541 489 589 532 ipsa
601 490 737 533 supponitur.

172 558 296 596 Srmnonum
305 558 454 597 Ernrrnnun:
468 572 478 596 «
487 560 600 598 Credimus
610 564 630 598 et
640 561 663 597 In
674 561 778 606 Spiritum
789 562 896 606 Sanctum,
905 566 941 607 qui

118 633 202 669 locutus
217 635 249 669 est
264 632 287 669 in
302 633 354 677 lege,
370 638 391 671 et
404 644 444 676 per
458 634 576 678 prophetas
592 634 733 678 praedicavit,
749 639 768 672 et
785 635 812 672 ad
828 636 941 673 Iordanem

120 704 238 749 descendit,
250 705 273 741 in
286 691 389 749 apostolis
401 707 485 743 locutus
496 709 534 749 cst,
548 710 567 744 et
580 707 602 743 in
615 707 695 745 sanctis
706 707 789 744 habitat
797 711 840 744 »8⁰.

169 776 234 815 (lunc.
245 777 311 820 Tam,
324 788 374 829 sess
385 777 403 821 6,
415 789 462 822 cap.
474 778 496 815 7:
512 778 619 822 «signans
632 781 652 815 et
662 788 745 822 ungens
756 779 838 823 Spiritu
849 781 939 824 promis-

119 850 187 887 sionis
201 849 286 894 Sancto,
299 852 337 895 qui
351 854 382 888 est
396 852 474 895 pignus
488 851 615 889 hereditatis
630 855 767 890 nostrae»⁸¹.
782 852 836 890 Sess.
850 852 881 898 14,
896 865 942 899 cap.

119 922 130 959 l
143 922 206 960 docet
215 924 369 961 contritionem
379 923 529 967 imperfectam
541 937 551 959 «
561 924 641 961 donum
652 925 691 961 Dei
702 936 747 962 esse
759 928 779 962 et
790 925 883 968 Spiritus
894 926 943 963 San-

119 994 148 1032 cti
162 994 286 1040 impulsum,
301 1006 345 1033 non
360 996 430 1034 adhuc
443 996 531 1042 quidem
546 996 695 1040 inhabitantis,
710 997 748 1034 sed
762 999 845 1034 tanturn
858 1008 943 1035 moven-

120 1068 199 1105 tissa.
212 1067 262 1112 Cap.
276 1069 294 1106 8.
309 1068 335 1106 de
349 1067 504 1106 satisfactionis
518 1068 645 1106 necessitate
659 1073 679 1106 et
692 1068 774 1106 fructu:
791 1081 801 1104 «
810 1068 865 1107 Sane
879 1073 899 1106 et
914 1070 944 1107 di-

120 1140 183 1178 vinae
193 1140 288 1178 iustitiae
300 1142 356 1178 ratio
368 1142 453 1184 exigere
465 1140 557 1185 videtur,
568 1145 591 1178 ut
603 1142 666 1178 aliter
677 1141 703 1178 ab
716 1153 740 1179 eo
754 1142 776 1178 in
789 1141 880 1185 gratiam
891 1144 944 1179 reci-

120 1213 213 1256 piantur,
232 1213 269 1257 qui
287 1216 336 1251 ante
353 1213 485 1257 baptismum
503 1224 542 1256 per
560 1213 705 1257 ignorantiam
724 1213 863 1268 deliquerint;
883 1214 944 1251 aliter

121 1295 178 1329 reru,
190 1285 227 1329 qui
240 1286 305 1322 semel
319 1296 331 1322 a
344 1286 429 1329 peccati
442 1289 462 1323 et
475 1285 586 1322 daemonis
599 1285 701 1322 servitute
714 1285 807 1328 liberati,
822 1288 842 1323 et
855 1289 944 1329 accepto

121 1357 214 1401 Spiritus
232 1357 305 1395 Sancti
326 1358 389 1401 dono,
408 1357 500 1395 scientes
519 1358 623 1401 templum
641 1357 681 1394 Dei
701 1357 782 1394 violare
801 1360 821 1395 et
841 1357 944 1401 Spiritum

121 1430 222 1467 Sanctum
238 1430 367 1467 contristare
385 1440 429 1467 non
447 1430 632 1467 formidaverint»
641 1432 665 1467 ⁸³.
684 1429 703 1466 S.
721 1429 774 1466 Pius
792 1429 816 1467 V.
835 1429 943 1466 damnavit

121 1513 183 1546 prop.
195 1502 242 1539 Baii
256 1502 290 1539 13:
306 1502 395 1545 «Opera
406 1502 463 1538 hona
476 1513 488 1538 a
500 1501 550 1538 filiis
563 1501 688 1545 adoptionis
701 1501 764 1543 tacta,
777 1511 820 1537 non
834 1501 945 1545 accipiunt

122 1574 227 1612 rationem
236 1574 308 1611 meriti
320 1585 344 1610 ex
356 1585 387 1616 eo,
397 1575 455 1618 quod
464 1573 517 1610 fiunt
528 1573 677 1616 perspiritum
688 1573 812 1616 adoptionis
824 1572 945 1610 inhahitan-
961 1602 963 1605 .

121 1650 163 1684 tem
178 1648 244 1684 corda
257 1646 351 1684 filiorum
365 1647 411 1689 Dei,
426 1647 484 1684 sed...
493 1660 510 1683 ».
523 1645 587 1688 Prop.
602 1646 637 1682 15:
655 1645 736 1683 «Ratio
751 1645 823 1682 meriti
837 1655 881 1681 non
896 1656 945 1682 con-

122 1719 178 1756 sistit
188 1720 211 1755 in
221 1730 252 1762 eo,
261 1719 326 1763 quod,
337 1719 374 1763 qni
384 1719 439 1755 bene
451 1720 558 1761 operatur,
569 1715 647 1754 habeat
656 1716 746 1761 gratiam
759 1720 778 1753 et
788 1716 944 1753 inhabitantem

122 1791 226 1835 Spiritum
240 1791 348 1835 Sanctum,
362 1792 399 1828 sed
413 1791 474 1828 ineo
489 1790 563 1833 solnm,
578 1790 636 1833 quod
649 1789 737 1827 oboedit
751 1789 838 1826 divinae
851 1788 913 1832 legi»
922 1792 945 1823 8⁴.

172 1866 215 1902 Lno
225 1863 273 1900 XIII
286 1864 309 1899 tn
324 1863 435 1906 encycIIca
450 1875 461 1898 «
469 1862 572 1899 Divinum
586 1861 659 1898 illud»
673 1861 684 1898 9
698 1860 749 1897 Maii
763 1860 813 1898 1897
828 1861 875 1898 iuse
889 1860 945 1897 hanc

121 1937 233 1974 materiam
246 1938 330 1973 tractat.
345 1935 432 1972 «Huius
445 1933 614 1978 regenerationis
627 1936 647 1971 et
660 1932 808 1971 renovationis
821 1932 885 1970 initia
898 1936 945 1969 sunt

122 2009 206 2046 homini
218 2019 257 2052 per
269 2007 386 2052 baptisma:
402 2008 425 2043 iu
437 2018 478 2051 quo
492 2009 633 2049 sacramento,
646 2005 724 2049 spiritu
736 2005 849 2042 immundo
862 2005 888 2042 ah
902 2005 946 2041 ani-

122 2093 156 2118 ma
175 2082 271 2125 depulso,
289 2080 386 2118 illabitur
403 2079 497 2123 primum
517 2079 610 2121 Spiritus
630 2077 726 2121 Sanetus,
745 2079 836 2121 eamque
854 2076 945 2114 similem

123 2154 164 2190 sihi
180 2154 243 2190 facit:
263 2152 324 2196 Quod
341 2155 414 2189 natum
432 2156 463 2188 est
479 2163 504 2188 ex
520 2151 608 2195 Spiritu,
625 2151 715 2194 spiritus
733 2153 764 2188 est
771 2154 794 2186 ⁸⁵.
812 2149 946 2193 Uberiusque

122 2237 162 2269 per
179 2236 262 2262 sacram
280 2224 471 2267 confirmationem,
489 2225 516 2261 ad
534 2223 677 2261 constantiam
694 2227 714 2260 ct
731 2222 798 2260 robur
815 2221 946 2259 christianae

170 2375 187 2395 so
201 2370 258 2402 Denz.
273 2370 300 2402 13.

171 2435 186 2455 ³¹
202 2431 260 2463 Denz.
274 2429 313 2463 799.

172 2495 189 2516 82
202 2492 260 2524 Denz.
274 2491 314 2524 898.

172 2556 188 2577 tl
202 2553 260 2585 Dcnz.
274 2552 323 2585 904.Δ

172 2617 189 2638 8⁴
203 2613 261 2645 Denz.
276 2612 330 2650 1013;
348 2612 399 2644 1015.

173 2678 189 2698 ss.
204 2674 223 2704 Io
238 2674 253 2712 3,
267 2673 282 2706 7.
