1952 3093
407 43 409 45 ’
464 42 585 80 -264-

111 165 174 202 norit.
191 166 268 202 Beatus
285 165 366 210 quippe
384 164 506 208 Cyprianus
523 164 545 200 in
564 164 666 201 Oratione
683 163 805 207 Dominica,
822 164 879 203 sicut
895 166 936 205 iam

113 237 253 280 ostendimus,
268 238 384 280 petitiones
400 240 485 274 nostras
499 237 529 273 ita
544 236 650 279 exposuit,
664 236 724 273 utin
739 236 787 280 ipsa
800 237 871 280 prima
885 240 937 281 peti-

113 310 171 346 tione
187 309 370 353 perseverantiam
387 320 427 346 nos
445 309 527 346 diceret
542 319 642 353 poscere;
659 308 682 345 id
698 317 738 345 nos
754 319 816 346 orare
833 319 936 354 asserens,

114 381 213 424 dicendo,
226 381 376 419 Sanctificetur
388 392 467 418 nomen
480 384 539 417 tuum
547 384 581 424 1⁰⁸,
594 391 643 417 cum
656 380 699 416 iam
711 380 735 416 in
747 380 878 424 Baptismate
891 392 937 419 san-

114 453 201 490 ctificati
214 453 328 497 fuerimus;
343 457 366 490 ut
379 454 402 490 in
417 464 442 490 eo
456 453 514 497 quod
528 463 574 489 esse
589 452 707 496 coepimus
721 463 891 496 perseveremus.
904 454 938 491 Vi·

115 526 179 562 deant
190 528 261 561 tamen
273 525 296 568 ii,
308 526 387 580 quibus
399 525 521 573 amantibus
534 535 574 569 me,
587 524 684 568 ingratus
697 535 742 561 esse
756 534 800 562 non
814 524 888 570 debeo,
901 528 937 570 qui

114 600 199 641 praeter
212 597 254 634 hoc
266 598 325 641 quod
337 598 360 634 in
373 597 522 642 quaestionem
534 596 600 640 venit,
611 596 686 635 ¹onmia
699 607 753 640 mea,
767 597 828 634 sicut'
836 596 938 642 scribitis,

115 681 137 708 se
150 668 278 713 profitentur
291 669 404 713 amplecti:
421 669 515 713 videant,
529 669 624 713 inquam,
636 671 708 705 utrum
722 668 744 705 in
759 669 826 712 primi
838 668 891 706 libri
902 680 939 714 po·

115 741 243 782 sterioribus
259 742 365 785 partibus,
383 752 456 779 eorum
475 741 565 778 duorum
582 751 636 784 quos
653 741 696 778 mei
712 740 851 785 episcopatus
868 741 939 784 initio,

115 817 229 857 antequam
246 813 361 857 Pelagiana
378 812 475 851 haeresis
493 815 613 856 appareret,
632 812 659 849 ad
677 811 843 856 simplicianum
860 812 939 851 Medio-

114 887 224 923 lanensem
240 886 367 930 episcopum
383 886 462 930 scripsi
471 889 503 929 1⁰⁹,
519 885 648 922 remanserit
663 885 745 929 aliquid
760 896 802 929 quo
815 888 904 923 vocetur
918 885 939 922 in

117 958 213 1002 dubium,
227 958 319 1001 gratiam
333 959 372 995 Dei
388 968 431 995 non
447 957 566 995 secundum
581 955 657 994 merita
672 960 745 994 nostra
761 956 818 995 dari:
836 960 856 995 et
869 960 940 995 utrum

117 1029 147 1066 lbi
160 1039 203 1067 non
216 1029 268 1066 satis
281 1030 367 1073 egerim,
380 1030 445 1066 etiam
457 1028 544 1066 initium
555 1028 606 1066 fidei
620 1039 666 1066 esse
680 1028 760 1065 donum
771 1028 821 1066 Dei:
837 1032 857 1066 et
869 1032 940 1066 utrum

117 1113 142 1138 ex
158 1101 185 1138 iis
200 1112 253 1145 quae
270 1100 301 1138 ibi
318 1101 376 1139 dicta
391 1105 446 1144 sunt,
461 1112 505 1139 non
520 1103 678 1145 consequenter
692 1100 780 1146 eluceat,
797 1101 837 1138 etsi
853 1110 897 1138 non
914 1101 951 1144 sit

116 1184 248 1217 expressum,
265 1173 330 1211 etiam
347 1185 414 1218 usque
431 1174 453 1209 in
470 1173 534 1210 finem
549 1172 734 1217 perseverantiam
751 1183 795 1210 non
812 1173 855 1210 nisi
871 1173 899 1211 ab
916 1185 940 1213 eo

118 1245 201 1289 donari,
214 1246 251 1290 qui
264 1256 303 1283 nos
316 1246 488 1290 praedestinavit
501 1246 523 1281 in
538 1256 599 1282 suum
613 1254 702 1289 regnum
715 1248 736 1281 et
747 1245 845 1288 gloriam.
857 1230 940 1283 Deinde

117 1318 186 1361 ipsam
197 1318 316 1361 epistolam,
326 1329 391 1362 quarn
402 1318 445 1355 iarn
458 1321 532 1355 contra
542 1317 668 1361 Pelagianos
680 1317 707 1354 ad
719 1321 817 1355 sanctum
828 1317 941 1355 Paulinum

117 1389 223 1427 Nolanum
239 1386 366 1434 episcopum
381 1390 424 1427 feci
433 1393 466 1434 11⁰,
480 1390 515 1426 cui
530 1390 634 1433 epistolae
649 1389 800 1427 contradicere
815 1388 880 1427 m'odo
895 1400 941 1427 coe-

118 1465 202 1505 perunt,
215 1472 287 1499 nonne
300 1465 349 1501 ante
361 1472 432 1500 annos
445 1462 551 1505 plurimos
564 1461 638 1499 edidit
651 1460 704 1498 Eam
718 1472 802 1506 quoque
816 1461 942 1505 inspiciant,

118 1545 181 1579 quarn
197 1534 247 1571 dedi
262 1534 289 1571 ad
304 1534 387 1572 Sixtum
401 1534 510 1571 Romanae
523 1533 633 1571 Ecclesiae
647 1533 799 1577 presbyterum
806 1538 840 1579 1¹1,
855 1534 942 1578 quando

118 1606 221 1644 adversus
237 1606 364 1649 Pelagianos
380 1606 486 1643 acerrima
504 1605 665 1643 conflictatione
683 1605 822 1651 certavimus;
839 1609 862 1644 et
878 1606 942 1644 talem

118 1679 233 1723 reperient,
244 1679 313 1723 qualis
326 1680 363 1716 illa
376 1682 407 1716 est
420 1679 446 1715 ad
458 1678 578 1716 Paulinum.
589 1678 652 1716 Unde
664 1679 767 1721 recolant,
780 1678 883 1716 adversus
894 1678 943 1715 hae·

120 1751 185 1789 resim
202 1751 339 1794 Pelagianam
357 1751 400 1788 iarn
420 1754 469 1788 ante
489 1750 570 1795 aliquot
588 1761 656 1788 annos
676 1751 716 1787 ista
737 1750 794 1787 dicta
814 1762 859 1788 esse
880 1753 942 1795 atque

119 1824 250 1866 conscripta,
262 1834 316 1866 quae
328 1834 387 1860 nunc
400 1823 430 1860 eis
443 1822 559 1866 displicere
570 1823 693 1860 mirandum
705 1826 742 1860 est.

174 1907 276 1951 Quamvis
292 1909 401 1945 neminem
418 1908 483 1944 velim
500 1906 531 1944 sic
549 1907 649 1951 amplecti
665 1907 737 1944 omnia
755 1917 808 1950 mea,
825 1911 847 1944 ut
864 1918 897 1944 me
914 1919 944 1944 se-

121 1983 204 2024 quatur,
216 1980 258 2016 nisi
271 1981 293 2015 in
306 1981 333 2017 iis
345 1981 368 2016 in
380 1980 458 2024 quihus
471 1990 504 2016 me
516 1990 558 2016 non
572 1990 654 2016 errasse
664 1980 806 2022 perspexerit.
816 1979 871 2015 Nam
883 1990 946 2023 prop·

120 2056 177 2089 terea
188 2062 246 2089 nunc
257 2052 314 2090 facio
324 2052 399 2095 libros,
410 2053 433 2088 in
444 2051 522 2095 quibus
533 2051 635 2095 opuscula
647 2061 693 2088 mea
705 2052 842 2089 retractanda
852 2051 943 2094 suscepi.

121 2128 144 2161 ut
158 2136 198 2161 nec
213 2136 246 2161 rne
261 2124 332 2167 ipsum
346 2125 369 2160 in
383 2124 485 2161 omnihus
498 2135 531 2160 me
546 2126 642 2160 secutum
657 2124 723 2160 fuisse
739 2123 891 2166 demonstrem,
907 2123 944 2160 sed

120 2196 258 2240 proficienter
268 2207 301 2234 rne
312 2197 412 2233 existimo
423 2196 468 2232 Deo
480 2196 595 2232 miserante
606 2195 726 2239 scripsisse,
736 2205 780 2232 non
791 2198 863 2233 tamen
875 2206 886 2232 a
897 2205 944 2239 per·

122 2268 215 2306 tectione
230 2268 338 2311 coepisse:
355 2267 531 2312 quandoquidem
547 2268 681 2310 arrogantius
696 2267 773 2311 loquor
787 2279 851 2312 quarn
866 2269 944 2308 verius,

120 2341 138 2377 si
150 2340 183 2377 vel
195 2350 253 2377 nunc
265 2339 314 2377 dico
325 2352 359 2377 me
370 2340 397 2377 ad
408 2339 565 2383 perfectionem
577 2340 623 2376 sine
636 2340 680 2376 ullo
693 2350 765 2376 errore
778 2339 889 2376 scribendi
901 2339 942 2378 iam

169 2526 301 2566 mertanne,
316 2528 331 2559 a.
361 2567 364 2574 ,

170 2591 196 2612 1⁰⁹
209 2588 236 2619 De
252 2587 334 2620 diversis
349 2584 506 2626 quaestionibus,
522 2586 546 2618 ad
560 2586 710 2625 Simplicianum
729 2585 832 2623 (tao-397).

170 2651 197 2673 11⁰
210 2647 271 2686 Epist,
284 2647 318 2680 186
333 2647 391 2685 (417).

171 2712 197 2733 111
210 2708 271 2747 Epist.
285 2708 319 2740 194
334 2708 392 2745 (418),
