1952 3093
491 49 612 85 -164-

139 181 203 216 quam
217 170 257 209 etsi
270 170 339 213 gratia
350 180 395 207 non
409 169 503 213 daretur,
515 179 559 206 nou
573 168 661 213 quidem
675 169 746 213 facile,
761 168 799 205 sed
811 172 882 205 tamen
896 170 965 212 possi-

138 254 186 280 mus
196 243 260 280 etiam
271 241 317 279 sine
328 242 366 279 illa
376 242 467 285 impiere
479 242 554 279 divina
563 241 671 285 mandata,
682 241 706 279 A.
717 240 737 278 S.
747 241 777 277 De
789 240 896 278 fructibus
906 241 965 278 enim

139 315 291 352 mandatorum
304 315 410 352 Dominus
425 314 558 358 loquebatur,
573 314 611 351 ubi
626 323 670 367 non
683 314 724 350 ait:
743 314 790 350 sine
805 325 839 351 me
855 312 965 351 difficilius

138 387 229 431 potestis
240 387 318 432 iacere,
330 387 368 424 sed
378 386 418 423 ait:
433 386 479 424 sine
491 398 525 424 me
536 386 592 422 nihil
603 386 693 429 potestis
704 386 776 422 iacere
785 398 795 420 »
804 390 828 422 ⁶⁶.
841 385 872 423 Cf.
884 385 965 422 Zosimi

140 460 255 503 epistulam
270 459 430 504 tractoriamrr;
447 458 471 495 in
487 470 548 496 conc.
564 458 637 502 ephes.
652 458 761 502 pelagiani
777 458 939 495 damnanturtt.

193 532 349 569 inofficiosa:
375 531 491 575 Postquam
514 530 652 568 auctoritates
677 531 753 567 citatae
776 533 832 575 sunt,
855 530 963 574 pergitur:

141 603 199 640 «His
211 613 260 646 ergo
273 603 427 641 ecclesiasticis
439 603 518 647 regulis
531 606 551 641 et
563 614 589 640 ex
601 602 676 640 divina
688 602 779 645 sumptis
791 602 918 640 auctoritate
930 602 966 639 do-

141 676 253 719 cumentis,
267 675 297 713 ita
312 676 428 713 adiuvante
442 675 536 713 Domino
551 674 672 712 confirmati
687 685 766 717 sumus,
781 678 805 711 ut
818 674 915 712 amulum
929 674 966 710 ho·

140 758 218 784 norum
232 747 349 784 affectuum
363 750 426 791 atque
441 758 531 790 operum
546 750 566 785 et
580 747 677 784 omnium
691 746 812 783 studiorum
826 746 966 789 omniumque

141 820 251 862 virtutum,
265 819 343 862 quihus
358 819 383 856 ah
398 819 462 856 initio
476 819 527 856 fidei
543 819 570 855 ad
585 819 653 855 Deum
668 818 770 861 tenditur,
785 818 854 855 Deum
868 817 966 861 profitea-

141 902 189 928 mur
204 893 320 935 auctorem,
334 894 354 928 et
369 901 413 928 non
429 890 557 934 dubitemus,
573 890 599 927 ab
615 890 684 934 ipsius
698 890 767 934 gratia
782 890 855 927 omnia
870 889 966 927 hominis

141 963 218 999 merita
229 963 360 1006 praeveniri,
373 974 412 1006 per
423 974 487 1006 quem
498 962 527 1006 fit,
540 966 563 999 ut
576 962 659 1006 aliquid
670 962 722 999 boni
735 965 756 998 et
767 962 821 999 velie
834 962 966 1005 incipiamus

141 1038 162 1071 et
175 1035 246 1071 facere
255 1047 266 1070 »
274 1038 299 1072 7⁰.

196 1112 260 1149 Cone.
273 1121 440 1149 Aniusroiuuur:
458 1112 508 1150 Can.
524 1112 546 1149 3:
561 1112 660 1155 Agraria
674 1114 711 1155 est,
725 1115 748 1148 ut
761 1112 818 1148 Deus
832 1123 843 1148 a
857 1111 920 1148 nohis
935 1111 966 1147 in-

142 1187 240 1227 vocetur3
254 1194 301 1221 can.
314 1185 336 1220 4:
350 1184 368 1220 A
378 1184 447 1227 gratia
460 1187 497 1227 est,
509 1188 532 1220 ut
544 1184 634 1220 velimus
647 1184 736 1227 purgari
747 1194 758 1220 a
769 1187 866 1226 peccato.
879 1182 930 1220 Can.
941 1184 964 1220 5:

143 1255 184 1293 «Si
196 1256 251 1299 quis,
264 1255 319 1292 sicut
331 1258 474 1298 augmentum,
486 1256 515 1292 ita
528 1256 592 1292 eiiam
604 1256 691 1292 initium
703 1255 754 1292 fidei
767 1255 881 1299 ipsumque
892 1255 970 1292 credu·'

142 1327 209 1364 litatis
223 1327 331 1371 affectum,
345 1339 387 1371 quo
402 1328 424 1363 in
438 1338 486 1364 eum
500 1328 615 1371 credimus,
628 1329 666 1372 qui
678 1327 780 1364 iustificat
794 1327 892 1370 impium,
906 1329 926 1363 et
940 1326 967 1364 ad

142 1399 327 1443 regenerationem
342 1400 399 1437 sacri
412 1400 548 1442 baptismatis
562 1400 707 1442 pervenimus,
723 1408 767 1436 uon
782 1410 822 1442 per
834 1399 915 1443 gratiae
931 1399 967 1435 do-

142 1483 200 1515 num,
213 1472 236 1508 id
249 1474 281 1507 cst
293 1484 332 1515 per
344 1471 511 1515 inspirationem
523 1472 616 1515 Spiritus
629 1472 702 1510 Sancti
714 1472 858 1516 corrigentem
870 1472 967 1509 voiunta-

143 1547 185 1580 tem
201 1547 296 1581 nostram
312 1544 338 1581 ab
353 1543 479 1582 infidelitate
494 1544 522 1581 ad
537 1545 645 1588 pietatem,
660 1545 698 1582 sed
714 1545 842 1582 naturaliter
856 1544 920 1582 nohis
935 1545 967 1581 in-

143 1627 190 1652 esse
210 1615 269 1658 dicit,
288 1616 414 1659 apostolicis
430 1615 570 1659 dogmatibus
591 1616 727 1653 adversarius
747 1617 886 1661 approbatur,
904 1616 968 1653 beato

142 1687 209 1724 Paulo
225 1687 321 1724 dicente:
340 1687 472 1725 Confidimus
488 1688 539 1732 quia
554 1688 591 1732 qui
607 1689 679 1732 coepit
693 1689 715 1724 in
732 1688 794 1725 vohis
809 1689 890 1726 honum
907 1698 967 1731 opus,

143 1759 241 1803 perficiet
256 1770 323 1804 usque
338 1760 361 1796 in
379 1760 436 1796 diem
452 1759 532 1797 Christi
548 1760 630 1804 lesura
647 1764 668 1797 et
681 1760 746 1797 illud:
764 1749 831 1798 Vobis
848 1761 921 1798 datum
936 1762 968 1797 est

143 1842 183 1875 pro
196 1831 282 1868 Christo
295 1843 339 1869 nou
352 1832 421 1868 solnm
432 1832 491 1869 utin
505 1843 553 1869 eum
566 1832 666 1875 credatis,
678 1843 753 1869 verum
765 1832 829 1869 etiam
841 1836 864 1870 ut
876 1843 917 1876 pro
930 1832 968 1869 illo

144 1902 259 1946 patiamini
266 1906 294 1947 τἲς
312 1906 342 1940 et:
361 1902 434 1941 Gratia
449 1904 503 1940 salvi
519 1904 572 1940 facti
588 1904 639 1941 estis
654 1904 772 1947 perfidem
788 1907 809 1942 et
823 1904 865 1942 hoc
882 1914 926 1942 non
943 1914 968 1941 ex

143 1975 216 2012 vobis:
233 1975 273 2011 Dei
287 1975 346 2012 enim
361 1975 442 2012 donum
456 1979 520 2014 est⁷³.
534 1975 574 2019 Qui
589 1975 647 2013 enim
661 1975 731 2020 fidem,
747 1987 789 2020 qua
804 1977 827 2013 in
840 1977 908 2013 Deum
923 1987 968 2013 ere-

144 2047 221 2091 dimus,
239 2047 315 2084 dicunt
330 2058 376 2086 esse
392 2048 518 2091 naturalem,
535 2058 609 2085 omnes
623 2059 667 2092 eos,
683 2049 721 2093 qui
736 2048 762 2085 ab
778 2048 870 2086 ecclesia
886 2047 968 2098 Christi

145 2120 210 2156 alieni
225 2121 282 2162 sunt,
299 2119 458 2164 quodammodo
473 2119 549 2157 fideles
565 2130 610 2157 esse
626 2120 732 2158 definiunt
740 2133 758 2158 >›.
774 2143 801 2148 —
817 2120 868 2159 Can.
884 2121 906 2158 6:
927 2119 968 2158 «Si

192 2286 209 2306 66
222 2281 275 2313 Denz
289 2282 328 2314 105.

192 2346 209 2367 ⁶7
222 2342 274 2373 Deua
289 2342 328 2374 135.

192 2405 209 2427 68
223 2402 275 2433 Dcnz
289 2402 328 2435 126.

192 2465 209 2486 ⁰9
222 2462 270 2493 Vide
286 2471 346 2500 supra
361 2469 403 2500 pag.
418 2462 446 2494 24.

192 2526 209 2546 ⁷⁰
223 2522 275 2553 Denz
289 2523 328 2555 141,

192 2586 209 2607 71
224 2582 268 2613 Phil
283 2582 344 2621 1,6..
373 2598 376 2605 Α
401 2597 403 2599 >

193 2646 210 2666 ⁷2
224 2642 268 2674 Phil
281 2643 296 2681 1,
310 2643 338 2675 29.

193 2706 210 2727 73
223 2702 265 2740 Eph
279 2702 295 2741 2,
309 2703 325 2735 8.
