1952 3093
476 70 585 107 „14-

117 187 198 231 Quibus
210 190 345 232 respondens
357 191 446 234 scripsit
459 191 514 233 (415)
528 204 539 226 <<
547 192 578 229 De
589 195 665 229 natura
677 195 697 229 et
709 193 778 236 gratia
788 193 816 230 ad
826 193 945 231 Timasium

117 263 137 297 et
150 260 271 299 Iacobum»
281 265 305 306 ³⁵,
319 263 343 299 in
358 274 400 307 quo
416 264 511 301 ostendit
526 267 625 301 naturam
640 265 728 309 quidem
744 276 819 303 sanam
834 266 945 304 conditam

118 344 169 378 esse,
186 337 276 377 peccato
294 338 364 372 autem
381 339 515 381 corruptam;
534 337 581 375 sine
597 339 666 381 gratia
683 337 764 376 Christi
781 339 890 377 neminem
906 340 946 377 sal-

117 416 167 443 vum
179 405 226 444 fieri
239 418 310 452 posse,
325 419 414 453 eamque
426 419 471 446 non
485 409 568 446 meritis
581 410 645 447 reddi
660 410 698 448 sed
711 409 777 454 gratis
793 411 846 456 dari,
862 422 945 456 «pr0p=

117 483 149 516 ter
162 479 221 524 quod
234 483 254 518 et
267 480 335 524 gratia
349 481 493 519 nominatur»
502 485 526 520 ³⁶.
539 481 621 519 Eodem
633 493 690 520 anno
703 484 731 520 ad
744 484 859 528 episcopos
870 482 946 522 Eutro-

118 552 178 595 pium
195 555 216 590 et
232 552 322 590 Paulum
339 555 453 597 epistulam
471 555 516 591 sive
533 554 613 591 librum
632 555 682 594 «De
699 555 834 599 perfectione
850 556 946 594 iustitiae

117 625 258 662 hominis»³⁷
280 626 346 670 misit,
366 628 389 663 in
410 638 452 671 quo
473 627 656 665 «definitionibus
677 638 731 672 quae
754 627 855 666 dicuntur
876 627 946 666 Caele-

119 697 154 734 stii
163 710 173 734 »
183 701 200 723 ³8
214 699 332 742 respondet
347 702 367 737 et
380 699 481 744 ostendit,
495 699 606 737 hominem
621 711 665 737 non
680 711 744 744 posse
760 702 807 739 sine
822 702 882 739 omni
897 712 947 745 pec-

119 773 166 807 cato
184 782 229 808 esse
247 774 268 809 et
284 782 359 809 omnes
378 772 456 809 debere
473 783 541 816 orare,
559 782 585 810 ne
603 773 685 810 intrent
702 774 725 810 in
742 774 889 811 tentationem.

171 843 233 881 Anno
245 844 283 882 418
296 844 355 882 Sixto
367 845 494 889 presbytero
506 845 603 883 Romano
615 845 741 889 Pelagianos
753 846 890 889 impugnanti
901 847 946 883 lon-

118 915 177 959 giore
189 917 281 960 epistula
290 920 307 942 ³⁹
321 918 444 961 respondet,
456 929 498 962 qua
511 918 606 955 ostendit
620 918 740 955 absolutam
753 919 889 962 gratuitatem
901 928 945 962 gra-

119 988 167 1032 tiae,
182 1000 236 1034 quae
251 990 311 1027 nullo
325 991 390 1028 modo
407 1002 432 1028 ex
448 990 532 1028 meritis
547 991 627 1028 nostris
644 994 681 1035 est,
697 994 717 1028 et
733 1002 787 1034 quae
803 995 823 1028 et
840 992 867 1028 ad
882 990 946 1028 fidem

120 1064 139 1098 et
153 1062 181 1099 ad
194 1063 316 1100 orationem
329 1063 454 1107 requiritur.

174 1135 256 1179 «Quod
274 1138 306 1173 est
324 1145 374 1179 ergo
393 1136 493 1173 meritum
510 1135 606 1173 hominis
625 1139 674 1173 ante
692 1136 791 1181 gratiam,
808 1147 850 1180 quo
869 1135 946 1173 merito

119 1207 227 1251 percipiat
240 1208 337 1252 gratiam,
352 1219 401 1245 cum
414 1219 477 1246 omne
491 1208 572 1246 bonum
586 1209 686 1245 meritum
702 1211 799 1245 nostrum
813 1218 856 1245 non
872 1209 894 1244 in
911 1217 946 1244 no·

93 1289 96 1294 ⁴
119 1279 153 1317 bis
164 1280 231 1317 faeiat
239 1280 283 1318 nisi
293 1281 371 1325 gratia;
383 1285 404 1318 et
415 1292 463 1318 cum
474 1281 531 1318 Deus
543 1284 632 1318 coronat
643 1281 720 1318 merita
730 1284 810 1324 nostra,
822 1280 878 1317 nihil
888 1280 947 1317 aliud

120 1356 215 1397 coronet,
232 1364 296 1397 quam
313 1364 402 1390 munera
419 1353 470 1390 sua?
487 1352 547 1391 Sicut
563 1353 620 1390 enim
636 1354 662 1390 ab
679 1353 743 1390 initio
758 1352 809 1389 fidei
826 1351 947 1390 misericor-

120 1424 178 1462 diam
194 1426 305 1463 consecuti
321 1436 401 1469 sumus,
418 1436 462 1462 non
479 1425 530 1469 quia
545 1425 619 1463 fideles
636 1436 727 1469 eramus,
745 1425 783 1462 sed
800 1428 823 1462 ut
840 1435 943 1469 essemus;

119 1496 151 1534 sic
167 1497 190 1534 in
206 1496 255 1541 fine,
272 1508 315 1542 quo
332 1498 373 1535 erit
389 1497 433 1535 vita
450 1500 543 1541 aeterna,
561 1497 687 1535 corronahit
704 1508 750 1540 nos,
768 1497 824 1534 sicut
839 1497 944 1540 scriptum

121 1574 158 1611 est,
170 1571 193 1606 in
205 1570 345 1608 miseratione
358 1574 378 1607 et
388 1569 540 1607 misericordia
546 1573 572 1607 4⁰.
584 1570 631 1607 Non
644 1571 716 1614 itaque
728 1569 808 1606 frustra
820 1569 865 1606 Deo
877 1570 948 1606 canta-

121 1645 165 1679 tur:
184 1642 210 1679 Et
226 1643 378 1681 misericordia
395 1643 441 1680 eius
457 1642 583 1686 praeveniet
599 1654 632 1679 me
641 1647 667 1686 ³13
686 1646 716 1679 et:
735 1641 886 1679 Misericordia
903 1641 948 1678 eius

121 1715 263 1760 subsequetur
274 1727 308 1752 me
314 1720 340 1752 4².
353 1715 415 1753 Unde
427 1719 447 1752 et
458 1716 506 1759 ipsa
518 1715 562 1752 vita
574 1717 666 1758 aeterna,
678 1725 733 1758 quae
745 1714 819 1758 utique
831 1714 853 1750 in
866 1713 908 1751 fine
922 1713 948 1750 si-

121 1798 148 1824 ne
160 1787 203 1825 fine
217 1788 339 1831 habebitur,
355 1791 375 1826 et
390 1788 440 1825 ideo
456 1788 539 1825 meritis
554 1786 735 1831 praecedentibus
751 1786 859 1831 redditum
876 1789 948 1823 tamen

121 1860 172 1903 quia
188 1861 263 1897 eadem
279 1860 356 1897 merita
372 1860 450 1904 quihus
467 1859 572 1903 redditur,
588 1870 632 1896 nou
649 1859 739 1897 anobis
755 1861 831 1902 parata
846 1861 895 1895 sunt
909 1868 949 1901 per

122 1936 218 1970 nostram
234 1932 390 1976 sufficientiam,
406 1932 481 1970 sedin
498 1932 561 1970 nobis
577 1932 635 1969 facta
651 1943 690 1976 per
706 1931 803 1975 gratiam,
821 1930 885 1968 etiam
901 1930 948 1974 ipsa

122 2004 190 2048 gratia
207 2007 350 2049 nuncupatur,
367 2015 410 2041 non
428 2004 455 2042 ob
471 2005 530 2041 aliud
545 2004 588 2041 nisi
603 2004 654 2048 quia
670 2003 737 2048 gratis
753 2003 825 2047 datur3
842 2013 883 2039 nec
899 2002 948 2039 ideo

122 2077 232 2121 quianon
247 2077 331 2115 meritis
347 2078 416 2120 datur,
432 2077 470 2114 sed
485 2077 536 2121 quia
552 2077 600 2113 data
616 2079 666 2114 sunt
682 2080 702 2113 et
717 2076 764 2119 ipsa
780 2075 857 2112 merita
871 2073 948 2119 quibus

170 2262 188 2284 ³⁵
201 2259 234 2291 ML
249 2258 277 2298 44,
293 2258 333 2291 247.

170 2322 188 2344 3⁶
201 2319 235 2352 ML
250 2318 279 2358 44,
295 2318 335 2351 249.

171 2383 187 2405 ³7
201 2379 235 2412 ML
250 2379 278 2419 44,
292 2379 332 2412 291.

171 2443 188 2465 ³8
201 2440 235 2472 ML
248 2439 277 2479 44,
289 2439 330 2472 292.

170 2503 189 2525 ³9
202 2499 263 2538 Epist.
274 2499 317 2537 tau
329 2500 363 2532 ML
374 2499 402 2538 33,
412 2499 501 2537 874-981;
514 2501 573 2532 antea
582 2498 623 2531 iarn
633 2498 712 2530 brevem
723 2498 786 2530 eidem
798 2498 818 2529 in
830 2497 898 2530 eadem
908 2506 949 2529 ma-

124 2561 174 2594 teria
187 2560 292 2599 epistulam
307 2561 394 2598 miserat,
408 2569 437 2598 ep.
451 2558 494 2598 19'1;
507 2560 541 2592 ML
553 2558 581 2598 33,
594 2558 634 2591 867.

171 2625 189 2646 4⁰
203 2621 227 2653 Ps
242 2620 282 2659 102,
294 2620 310 2653 4.

172 2686 189 2706 ⁴1
203 2682 227 2713 Ps
242 2681 270 2720 58,
284 2682 312 2713 ll.

172 2741 300 2780 ssffifflb
