1952 3093
450 55 572 94 -2924—

101 176 127 213 de
137 175 178 213 hac
190 187 213 215 re
225 187 269 214 non
281 177 386 214 habeatur
398 177 515 221 promissio
529 177 609 219 divina,
621 177 663 214 hoc
676 176 776 214 meritum
790 176 816 213 de
829 186 924 220 congruo

100 247 322 286 nonestinfallibile.
348 295 350 297 ,

152 320 224 358 Potest
233 325 304 358 tamen
313 322 381 358 iustus
393 323 473 360 donum
482 322 655 366 perseverantiae
665 321 794 365 suppliciter
802 321 925 364 impetrare.

101 395 190 436 excepta
207 393 291 437 iterum,
308 396 331 430 ut
345 396 410 438 patet,
425 395 496 438 prima
512 394 580 438 gratia
597 393 685 431 efficaci.
701 394 733 431 Ita
750 406 766 431 s.
781 393 922 436 Augustinus:

101 464 166 502 «Hoc
178 475 227 509 ergo
240 465 280 502 Dei
294 465 374 503 donum
388 467 516 511 suppliciter
529 466 619 504 emereri
632 469 722 509 potest»
731 469 764 508 1³³⁹,
777 468 797 502 et
810 469 924 509 propterea

101 539 174 574 monet
189 547 275 581 semper
291 538 412 581 rogandum
430 550 475 577 esse
493 539 573 575 donum
591 537 771 581 perseverantiae.
789 538 821 574 Ita
838 548 855 574 s.
870 538 925 574 Tho-

101 619 147 645 mas
155 612 193 645 ²⁰⁰:
212 609 301 646 «Etiam
317 621 341 647 ea
355 621 411 654 quae
425 622 469 649 non
483 621 596 653 meremur,
610 610 693 647 orando
709 610 859 654 impetramus3
875 621 924 646 nam

102 684 122 718 et
137 684 263 724 peccatores
276 682 334 719 Deus
351 682 412 719 audit
427 686 565 726 peccatorum
581 681 667 719 veniam
683 685 786 725 petentes,
803 692 867 725 quam
882 693 925 719 non

102 755 218 796 mer-entur,
232 756 255 790 ut
271 757 330 797 patet
345 765 385 798 per
399 754 486 798 August.
503 765 567 797 super
583 753 638 790 illud
653 754 712 791 Ioan.
727 754 750 791 9:
769 753 859 796 Scimus,
876 754 925 797 quia

102 827 227 868 peccatores
239 826 297 863 Deus
309 837 353 863 non
368 827 461 872 exaudit,
475 826 571 870 alioquin
586 826 666 864 frustra
681 826 771 863 dixisset
784 825 923 869 publicanus:

102 897 158 933 Deus
172 897 281 941 propitius
296 901 341 935 esto
355 898 409 935 mihi
423 898 539 942 peccatori,
553 901 576 935 ut
590 898 670 935 dicitur
684 899 728 935 Luc
743 898 777 942 18;
793 901 813 935 et
826 897 927 935 similiter

102 970 277 1011 perseverantiae
292 970 373 1008 donum
386 970 466 1015 aliquis
479 970 573 1014 petendo
589 981 600 1007 a
614 970 659 1008 Deo
674 971 776 1014 impetrat
788 970 822 1007 vel
836 969 877 1006 sihi
893 971 925 1007 vel

102 1041 147 1084 alii,
164 1042 262 1085 quamvis
279 1042 318 1079 sub
335 1042 412 1079 merito
427 1053 471 1080 non
487 1042 576 1079 cariat».
592 1040 704 1080 Suarez201
722 1053 767 1080 rem
784 1043 888 1089 proponit
905 1045 927 1079 ut

103 1113 252 1150 certissimam.
268 1114 366 1151 Christus
380 1115 491 1157 promisit:
510 1114 606 1152 «Omnia
621 1125 768 1158 quaecumque
782 1114 889 1157 petieritis
905 1115 926 1150 in

102 1185 199 1222 oratione
212 1186 331 1229 credentes
345 1186 476 1229 accipietis»
488 1186 539 1227 (²⁰2).
551 1186 592 1224 Sed
602 1187 671 1224 oratio
685 1187 748 1224 dehet
760 1187 809 1223 talis
821 1197 866 1223 esse
878 1198 928 1231 qua-

103 1258 144 1294 lem
160 1257 258 1295 Christus
274 1259 353 1295 voluit:
374 1258 482 1301 «Oportet
498 1270 584 1302 semper
598 1269 659 1296 orare
677 1263 697 1296 ct
713 1269 757 1295 non
776 1258 928 1295 deficere»2⁰³.

156 1330 223 1373 Quam
238 1341 282 1367 rem
296 1331 325 1367 ita
340 1331 434 1373 explicat
447 1331 534 1368 Suarez:
552 1343 562 1365 «
571 1331 659 1368 Duobus
673 1331 744 1368 modis
758 1342 821 1374 posse
836 1331 927 1374 intelligi

102 1402 181 1438 iustum
191 1403 270 1440 mereri
279 1403 313 1440 vel
323 1403 439 1446 impetrare
451 1404 531 1440 donum
539 1404 720 1446 perseverantiae.
729 1403 802 1440 Primo
813 1414 852 1446 per
862 1414 928 1440 unum

103 1477 180 1517 actum,
192 1476 225 1512 vel
237 1486 277 1518 per
287 1475 361 1518 plures
372 1475 394 1511 in
406 1478 463 1513 certo
475 1478 577 1518 tempore,
589 1476 622 1512 vel
634 1486 701 1520 usque
713 1476 740 1512 ad
752 1478 834 1512 certum
845 1475 928 1512 instans

103 1546 159 1583 vitae
177 1547 252 1590 tactos,
269 1547 407 1590 impetrando
425 1547 608 1591 perseverantiam
625 1551 645 1584 et
663 1548 724 1592 quasi
743 1547 928 1585 confirmationem

104 1618 125 1654 in
140 1619 208 1662 gratia
221 1630 261 1663 pro
274 1620 358 1663 reliquo
372 1622 469 1662 tempore
483 1620 546 1657 vitae.
560 1619 658 1658 Secundo
673 1620 794 1657 successive
809 1630 848 1663 per
861 1622 927 1657 totum

104 1691 160 1728 vitae
177 1693 262 1735 tempus
280 1692 341 1736 qnasi
359 1702 399 1735 per
416 1695 488 1734 partes
504 1693 686 1735 perseveranti-am
705 1692 849 1735 impetrando,
868 1692 928 1729 verbi

103 1763 178 1807 gratia,
198 1774 256 1801 nunc
276 1764 414 1807 impetrando
435 1764 538 1801 auxilium
560 1764 634 1801 efficax
653 1765 680 1802 ad
700 1775 743 1801 non
764 1764 885 1801 cadendum
905 1764 926 1800 in

104 1836 213 1879 praesenti
232 1836 353 1880 occasione,
373 1839 393 1872 et
410 1839 460 1878 post
477 1836 535 1872 illam
555 1837 633 1873 iterum
652 1837 735 1874 orando
752 1840 774 1873 et
791 1836 928 1879 impetrando

104 1907 163 1944 aliud
177 1908 281 1945 auxilium
296 1908 323 1945 ad
337 1908 468 1945 servandum
480 1911 619 1951 praeceptum
633 1908 711 1946 iterum
725 1919 848 1951 occurrens,
864 1912 884 1945 et
898 1909 929 1945 sic

105 1983 262 2023 consequenter
279 1981 362 2017 orando
380 1983 400 2016 et
418 1991 528 2024 nunquam
546 1980 673 2018 deficiendo.
691 1981 745 2018 Dico
765 1990 814 2024 ergo
833 1981 928 2023 priorem

105 2052 191 2089 modum
209 2053 308 2091 merendi
324 2053 357 2089 vel
374 2052 506 2095 impetrandi
524 2054 707 2096 perseverantiam
726 2064 768 2090 non
787 2064 832 2089 esse
850 2053 929 2090 infalli-

103 2124 189 2161 bilem...
201 2124 280 2169 Siquis
292 2128 338 2161 oret
348 2128 513 2168 perseveranter
523 2125 616 2168 petendo
627 2125 811 2168 perseuerantiam
821 2125 843 2161 in
855 2125 929 2168 gratia,

105 2196 251 2234 infallibiliter
266 2208 313 2234 eum
331 2208 376 2233 esse
392 2197 563 2240 impetraturum,
579 2207 622 2234 non
638 2200 709 2234 tamen
725 2198 762 2235 iilo
778 2197 849 2240 primo
864 2198 928 2235 modo

104 2279 166 2312 quem
180 2268 284 2305 hactenus
299 2269 430 2312 negavimus,
444 2269 482 2306 sed
496 2269 538 2306 alio
551 2269 647 2306 secundo
661 2270 725 2307 modo
739 2270 799 2313 prius
814 2266 929 2307 declarato.

105 2340 172 2384 Atque
189 2340 218 2378 ita
236 2340 328 2378 dicimus
346 2341 441 2378 secundo
459 2341 538 2378 iustum
556 2342 715 2384 perseverando
734 2341 806 2379 debito
824 2342 889 2379 modo
906 2342 928 2378 in

156 2482 180 2504 19⁹
193 2479 220 2511 De
233 2480 283 2512 dono
297 2480 454 2518 perseverantiae
469 2481 484 2515 o,
500 2480 530 2517 10;
545 2480 577 2511 tlt
592 2480 619 2513 45,
633 2481 677 2516 999:
693 2481 707 2513 R
722 2480 773 2512 1993.

155 2544 181 2565 200
194 2540 210 2579 1,
223 2541 233 2572 2
244 2550 262 2579 q.
273 2540 308 2572 114
320 2551 337 2573 a.
349 2532 396 2573 a‘ad
407 2541 423 2572 1.

155 2604 181 2625 ²⁰1
194 2601 221 2633 De
235 2601 299 2639 gratia
314 2601 348 2633 lib.
364 2601 386 2633 12
402 2610 443 2640 cap.
459 2601 481 2633 38
496 2610 525 2632 nr.
541 2601 568 2632 12.

154 2664 180 2685 ²⁰²
194 2661 257 2694 Mntth
273 2662 301 2700 21,
315 2661 343 2693 22.

154 2724 180 2746 ²⁰³
194 2721 232 2754 Luc
245 2722 273 2760 18,
286 2722 305 2760 1;
320 2722 344 2754 cf.
358 2722 386 2760 21,
398 2722 426 2754 362
