1952 3093
404 19 513 58 ..57-

48 148 111 186 tores,
121 141 159 179 sed
169 144 252 179 tantum
262 141 376 186 proposito
386 141 468 186 gratiae
478 141 525 187 Dei,
535 153 575 187 per
584 143 756 187 redemptionem
766 156 821 190 quae
832 147 876 183 tac-

49 220 69 253 ta
80 213 144 252 estin
156 214 260 258 sanguine
270 213 357 253 Christi.
368 214 395 251 Et
406 215 455 252 ideo
466 215 526 259 fides,
538 216 614 261 oratio,
624 216 765 262 poenitentia,
775 217 875 256 remissio

48 287 193 333 peccatorum,
203 286 292 324 abolitio
303 298 386 330 poenae
397 288 523 331 temporalis
534 299 588 332 quae
599 289 695 333 peccatis
706 287 745 334 per
755 281 876 341 sacramen-

49 364 93 398 tum
106 359 253 404 poenitentiae
268 360 365 397 remissis
380 361 510 406 quandoque
525 361 661 406 relinquitur,
677 363 813 400 conversatio
829 373 876 400 san-

50 435 83 471 cta
96 435 116 470 et
128 432 290 476 perseverantia
303 444 370 477 usque
384 433 406 469 in
422 432 486 470 finem
501 433 557 470 uitae
572 434 636 471 huius
650 435 782 480 temporalis,
797 435 842 473 imo
856 429 877 473 et

49 506 97 550 ipsa
114 505 213 548 corporis
230 505 366 550 resurrectio,
384 505 473 549 proprie
490 516 534 543 non
553 506 596 544 nisi
613 506 694 545 Christi
711 506 795 545 meritis
811 505 877 545 ascri·

49 578 120 616 henda
139 580 195 615 sunt.
214 577 268 621 Quia
286 578 338 615 licet
354 578 384 615 ad
402 578 553 616 remissionem
571 581 717 623 peecatorum,
736 579 876 618 abolitionem

50 660 133 694 poenae
151 653 201 693 post
218 653 376 688 sacramentum
395 650 542 694 poenitentiae
561 650 669 695 restantis,
689 651 877 690 mortificationem

51 722 247 767 concupiscentiae,
262 725 282 760 et
294 722 479 767 perseverantiam
491 724 515 760 in
528 723 653 760 obedientia
665 724 817 762 mandatorum
830 721 877 767 Dei,

51 796 110 832 iuxta
125 795 282 838 promissiones
298 794 378 833 Christi
394 806 420 832 eu
435 798 497 839 parte
511 798 586 833 nostra
601 795 740 840 requirantur
753 796 814 841 fides,
828 808 878 840 poe-

52 866 149 910 nitentia,
165 867 241 912 oratio,
258 867 384 911 satisfactio,
402 872 422 905 et
438 867 527 912 similia3
545 870 639 906 attamen
654 867 709 905 haee
725 879 765 912 per
781 879 803 905 se
819 869 878 906 nullo

52 940 116 977 modo
130 939 245 983 sufficiunt,
258 942 282 976 ut
293 940 349 977 iusto
361 939 401 977 Dei
413 939 497 977 iudicio
509 939 552 976 iam
567 940 625 978 dicta
636 940 676 977 Dei
691 940 748 978 dona
762 950 878 985 consequa-

52 1022 106 1056 mur,
118 1011 161 1048 nisi
173 1011 217 1048 illis
230 1010 359 1055 suffragetur
371 1012 465 1056 pretium
478 1011 590 1055 sanguinis
602 1011 689 1055 Christi,
702 1012 749 1050 sine
762 1012 824 1049 cuius
836 1023 878 1049 me-

53 1084 94 1121 rito
108 1084 167 1121 nulla
180 1084 269 1121 omuino
281 1083 305 1120 iit
317 1083 413 1121 hominis
427 1084 542 1128 reparatio.
557 1084 579 1122 Si
592 1084 650 1121 enim
662 1095 702 1128 per
715 1096 737 1121 se
750 1084 878 1126 sufficerent,

51 1158 102 1193 tunc
117 1155 152 1192 his
166 1155 263 1199 acceptis
279 1155 307 1193 ad
322 1158 392 1193 cetera
408 1155 560 1200 consequenda
577 1167 620 1194 non
637 1159 693 1193 esset
708 1157 781 1200 passio
797 1155 877 1194 Christi

54 1228 182 1265 uecessarta.
198 1227 310 1266 Caeterum
326 1228 384 1273 quod
399 1228 435 1272 pie
452 1232 472 1266 et
486 1229 542 1266 iuste
556 1229 579 1266 in
594 1229 636 1266 hac
650 1228 695 1265 vita
710 1228 797 1266 mortali
812 1239 879 1273 usque

53 1300 76 1337 in
88 1300 153 1337 finem
166 1300 289 1338 conversati
302 1300 369 1338 vitam
382 1302 544 1345 consequuntur
557 1304 673 1344 aeternam,
686 1301 709 1338 id
723 1312 767 1338 non
781 1302 880 1345 proposi-

51 1375 73 1411 to
86 1371 167 1416 gratiae
178 1372 226 1416 Dei,
240 1372 278 1409 sed
291 1372 426 1409 ordinationi
438 1372 532 1418 naturali
546 1373 619 1409 statim
632 1372 696 1409 initio
710 1372 828 1410 creationis
840 1372 878 1410 hu·

54 1445 113 1481 mani
127 1444 212 1488 generis
226 1444 362 1488 constitutae,
376 1447 397 1482 et
411 1445 467 1482 iusto
482 1444 522 1481 Dei
537 1444 620 1482 iudicio
637 1444 784 1488 deputandum
800 1447 838 1488 est,
854 1445 880 1482 si-

55 1519 91 1553 cut
102 1527 167 1560 supra
180 1517 231 1554 satis
245 1516 347 1554 diximus.
359 1516 403 1553 Nec
417 1516 440 1552 in
452 1517 494 1554 hac
505 1516 648 1553 retributione
660 1516 768 1554 bonorum
781 1516 808 1553 ad
821 1515 881 1554 Chri-

55 1589 82 1625 sti
94 1588 195 1626 meritum
208 1587 320 1632 aspicitur,
335 1590 372 1626 sed
387 1591 470 1625 tantum
484 1588 512 1626 ad
526 1587 659 1631 primaevam
674 1588 834 1625 institutionem
848 1598 881 1632 ge-

55 1661 114 1698 neris
126 1660 223 1705 humani,
236 1661 259 1697 in
272 1672 314 1705 qua
326 1662 372 1705 lege
384 1661 477 1698 naturali
491 1660 631 1698 constitutum
644 1662 681 1704 est,
693 1664 716 1697 ut
729 1660 786 1698 iusto
797 1660 838 1697 Dei
851 1661 882 1697 iu—

56 1733 114 1771 dicio
131 1733 268 1770 obedientiae
285 1733 436 1770 mandatorum
453 1733 504 1778 vita,
522 1732 578 1769 sicut
593 1731 755 1770 inobedientiae
772 1743 831 1769 mors
849 1743 882 1769 ae-

56 1808 117 1843 terna
134 1805 268 1843 redderetur.
285 1805 346 1842 Licet
363 1805 429 1848 igitur
445 1805 547 1842 universa
563 1804 648 1848 generis
664 1804 754 1841 humani
773 1804 881 1847 reparatio

56 1877 108 1915 solis
126 1876 207 1915 Christi
225 1877 309 1915 meritis
327 1878 443 1915 tribuenda
461 1877 494 1920 sit,
514 1887 540 1914 ne
559 1877 577 1914 si
596 1888 638 1921 qua
657 1876 703 1914 eius
723 1887 774 1920 pars
794 1876 881 1913 alterius
900 1898 902 1901 >

57 1949 178 1993 cuiuspiam
192 1949 275 1987 meritis
289 1949 379 1993 proprie
391 1949 505 1993 tribuatur,
519 1949 538 1985 is
553 1949 628 1986 saltem
642 1959 668 1985 ex
682 1951 744 1991 parte
758 1948 883 1991 redemptor·

57 2033 103 2060 esse
113 2024 227 2067 statuatur;
238 2024 331 2059 attamen
343 2021 401 2066 quod
413 2021 515 2065 operibus
526 2021 597 2064 bonis,
609 2030 663 2065 quae
675 2019 814 2064 praeparavit
825 2021 882 2057 Deus

57 2098 80 2132 ut
91 2095 114 2131 in
125 2094 169 2131 illis
181 2094 320 2138 ambulemus,
332 2093 376 2131 vita
387 2093 491 2130 reddatur
503 2096 595 2136 aeterna,
608 2093 631 2130 id
642 2103 686 2129 non
699 2092 780 2137 Christi
793 2092 883 2135 meritis,

58 2167 96 2204 sed
106 2167 200 2203 naturali
210 2165 343 2203 institutioni
353 2165 450 2202 hominis
460 2165 612 2203 ascribendum
624 2167 661 2207 est,
672 2167 696 2201 ut
708 2164 810 2201 diximus.
822 2164 883 2208 Quod

58 2249 108 2276 vero
124 2238 151 2275 ad
165 2238 243 2276 Timot.
258 2237 335 2275 scribit
349 2236 475 2281 Apostolus:
491 2236 601 2274 Liberavit
614 2248 648 2273 me
662 2236 768 2273 Dominus
784 2236 810 2273 ab
824 2238 883 2273 omni

57 2321 121 2355 opere
133 2310 196 2355 malo,
208 2299 228 2348 et
238 2310 321 2347 salvum
332 2309 398 2347 faciet
408 2309 430 2346 in
442 2319 531 2353 regnum
541 2320 603 2346 suum
614 2308 715 2360 caeleste:
730 2318 774 2346 non
784 2308 816 2345 sic
827 2295 882 2346 acci-

58 2383 162 2427 piendum
174 2386 211 2428 est,
224 2383 286 2428 quasi
299 2385 413 2426 utrumque
427 2381 508 2420 Christi
519 2380 602 2418 meritis
616 2379 697 2419 ascribi
711 2381 794 2424 debeat,
806 2391 884 2425 nempe

59 2456 117 2500 quod
128 2454 243 2499 Apostolus
256 2454 283 2492 ab
296 2455 356 2492 omni
369 2464 435 2497 opere
448 2454 505 2492 malo
517 2452 621 2491 liberatus
635 2452 669 2497 sit,
684 2455 704 2490 et
717 2452 776 2498 quod
789 2462 830 2496 pro
842 2452 884 2491 tide

59 2530 143 2566 servata
155 2538 257 2565 coronam
270 2526 351 2571 gloriae
363 2525 391 2564 sit
403 2529 542 2563 consecutus:
558 2525 596 2563 sed
607 2526 691 2563 tantum
704 2525 763 2570 quod
775 2523 829 2562 haec
842 2525 884 2562 duo

57 2611 82 2637 ex
95 2599 176 2638 Christi
188 2598 271 2636 meritis
283 2598 373 2642 adeptus
384 2597 418 2641 sit,
430 2598 532 2635 videlieet
544 2597 602 2641 quod
612 2597 635 2633 in
647 2597 771 2640 praeteritis
783 2597 881 2634 tentatio-

57 2672 121 2710 nibus
136 2671 165 2709 sit
179 2671 205 2709 ab
220 2671 279 2709 omni
295 2681 360 2714 opere
375 2670 431 2708 malo
447 2669 574 2712 custoditus,
588 2672 609 2707 et
623 2669 682 2713 quod
697 2680 764 2714 usque
780 2668 803 2705 in
818 2668 880 2707 linem
