1952 3093
106 289 181 325 Tfflisls
195 288 229 323 13:
243 289 311 322 Iustus
324 289 382 322 omui
394 291 415 322 et
426 290 472 323 solo
483 292 568 329 peccato
582 289 666 340 mortali
678 289 779 322 iustitiam
794 289 876 322 amtttr't.

160 412 246 449 Calvi
255 423 269 447 n
277 424 308 449 us
339 412 412 449 docuit
427 413 484 450 solos
498 412 671 455 praedestinatos
686 412 766 449 habere
780 422 854 448 veram
867 411 932 449 fidem

107 484 266 528 iustificantem,
284 495 320 522 eos
338 485 395 521 solos
412 485 491 522 habere
509 484 610 527 spiritum
627 484 759 528 adoptionis,
777 494 855 528 eosque
873 494 933 520 num·

106 568 170 600 quam
184 558 282 594 amittere
296 557 411 602 iustitiam;
428 557 515 601 reprobi
531 561 601 594 autem
614 567 731 601 numquam
744 557 767 593 in
781 559 825 593 tota
838 567 876 593 sua
890 556 935 593 vita

107 633 168 666 erant
179 630 289 667 iustificati
301 641 370 674 neque
382 631 490 667 habebant
501 641 574 667 veram
585 630 656 666 fidem.
669 629 791 666 Secundum
801 629 873 672 ipsum
884 637 933 672 ergo

107 703 189 739 iustitia
204 707 235 740 est
249 703 401 739 inamissibilis
410 708 433 739 ⁷1.

155 839 172 859 11
186 835 246 867 «Scio
260 835 380 874 quibusdam
392 836 463 868 durum
474 835 536 867 videri
549 835 583 867 ubi
595 834 642 867 tides
655 834 743 873 reprobis
757 833 858 873 tribuitur,
871 842 933 873 quum

107 897 181 928 Paulus
195 896 213 932 (l
226 896 287 927 Thess
299 896 315 934 1,
326 895 345 933 4)
358 905 401 927 eam
413 896 500 928 fructum
510 895 612 927 electionis
624 904 666 927 esse
678 898 758 927 asserat.
771 894 808 933 Qui
820 897 886 926 tamen
898 903 933 926 no—

108 957 144 988 dus
160 956 219 988 facile
235 956 329 988 solvitur:
346 957 394 994 quia
408 956 444 988 etsi
461 956 481 988 111
497 956 554 987 tidem
569 965 609 987 non
624 955 771 992 illuminantur,
786 964 821 986 nec
836 953 932 992 evangelii

107 1016 213 1048 efficaciam
223 1025 267 1048 vere
279 1016 374 1055 sentiunt,
385 1017 425 1048 nisi
437 1016 471 1055 qui
483 1015 618 1055 praeordinati
630 1018 677 1047 sunt
690 1015 714 1047 ad
725 1015 819 1052 salutem;
832 1001 933 1053 experien-

107 1078 137 1108 tia
148 1079 215 1108 tamen
229 1077 316 1109 ostendit
328 1077 422 1115 reprobos
434 1076 534 1108 interdum
547 1076 609 1108 simili
621 1076 662 1107 iere
675 1085 735 1108 sensu
746 1077 805 1113 atque
818 1075 890 1107 electos
904 1074 933 1107 at-

108 1137 145 1177 nei,
156 1139 179 1170 ut
191 1147 216 1169 ne
229 1147 264 1170 suo
277 1137 357 1177 quidem
370 1137 444 1170 iudicio
458 1136 567 1177 quidquam
579 1136 603 1169 ab
615 1136 682 1169 electis
695 1136 794 1169 differant.
808 1135 871 1174 Quare
884 1134 936 1167 nihil

109 1198 189 1232 absurdi
204 1202 234 1231 est
248 1199 301 1238 quod
315 1198 430 1230 coelestium
445 1199 542 1231 donorum
554 1200 623 1236 gustus
639 1197 662 1229 ab
678 1198 774 1236 apostolo,
787 1199 806 1228 et
820 1196 936 1235 temporalis

108 1261 154 1293 tides
169 1270 180 1291 a
195 1260 273 1292 Christo
288 1259 330 1291 illis
345 1260 461 1292 ascribitur:
477 1268 517 1291 non
532 1260 585 1298 quod
598 1259 639 1291 vim
655 1258 766 1297 spiritualis
780 1258 856 1296 gratiae
870 1258 933 1291 solide

108 1320 218 1359 percipiant
233 1329 254 1352 ac
267 1322 343 1352 certum
354 1319 399 1351 fidei
412 1319 486 1358 lumen,
500 1319 533 1351 sed
547 1319 595 1358 quia
606 1318 709 1358 Dominus,
722 1321 745 1351 ut
757 1318 820 1357 magis
834 1318 934 1351 convictos

108 1383 127 1412 et
138 1380 283 1412 inexcusabiles
292 1379 367 1418 reddat,
378 1389 398 1411 se
408 1380 499 1423 insinuat
509 1379 530 1411 in
540 1388 608 1411 eorum
618 1381 700 1417 mentes,
711 1381 809 1418 quatenus
821 1379 863 1411 sine
874 1379 934 1418 adop-

108 1441 169 1473 tionis
187 1441 259 1478 spiritu
276 1440 352 1478 gustari
368 1442 433 1478 potest
450 1426 492 1472 eius
508 1439 594 1482 bonitas.
611 1438 630 1472 si
647 1439 692 1478 quis
708 1439 787 1477 obiciat,
804 1438 857 1471 nihil
873 1439 935 1478 igitur

109 1501 194 1540 amplius
205 1502 279 1532 restare
289 1500 381 1532 fidelibus
393 1501 445 1532 unde
457 1501 509 1532 certo
522 1500 649 1538 adoptionem
661 1509 718 1532 suam
730 1499 841 1538 aestiment,
854 1491 934 1539 respon-

108 1563 149 1599 deo,
159 1561 250 1599 quamvis
261 1568 333 1599 magna
343 1561 369 1592 sit
380 1560 492 1592 similitudo
502 1563 521 1592 et
533 1560 617 1593 affinitas
628 1559 681 1592 inter
690 1560 726 1592 Dei
735 1560 813 1598 electos,
824 1560 886 1599 etqui
897 1559 933 1592 fide

108 1622 181 1654 caduca
194 1622 218 1652 ad
230 1623 307 1660 tempus
321 1621 426 1659 donantur,
439 1621 503 1659 vigere
516 1622 582 1652 tamen
595 1621 616 1653 in
630 1620 678 1652 solis
691 1620 758 1653 electis
771 1620 934 1653 fiduciamillam

109 1691 168 1721 quam
179 1682 265 1713 celebrat
275 1681 349 1713 Paulus
364 1681 410 1718 (Gal
420 1682 436 1719 4,
449 1681 474 1719 ὃ),
484 1683 506 1712 ut
518 1680 576 1719 pleno
589 1690 621 1713 ore
634 1680 725 1719 clament,
737 1681 793 1718 abba,
805 1683 866 1719 pater.
878 1681 934 1719 Ergo,

109 1745 131 1774 111
146 1742 199 1774 solos
213 1742 285 1774 electos
301 1741 375 1774 semine
391 1741 538 1779 incorruptibili
553 1741 605 1773 Deus
621 1740 642 1772 in
657 1743 774 1779 perpetuum
790 1744 896 1780 regenerat,
912 1743 934 1773 ut

107 1811 210 1841 nunquam
221 1802 320 1840 dispereat
330 1810 396 1833 semen
406 1802 459 1833 vitae
470 1810 537 1832 eorum
547 1801 639 1833 cordibus
648 1801 738 1840 insitum,
749 1801 778 1833 ita
788 1801 851 1833 solide
862 1801 934 1847 inillis

109 1863 200 1900 obsignat
212 1863 325 1900 adoptionis
336 1871 383 1893 suae
395 1862 486 1899 gratiam,
497 1863 519 1892 ut
530 1861 608 1894 stabilis
621 1871 642 1893 ac
655 1864 699 1894 rata
710 1862 742 1894 sit.
755 1861 792 1895 Sed
802 1861 839 1893 hoc
851 1862 934 1893 minime

109 1924 175 1955 obstat
188 1923 236 1960 quin
248 1923 284 1954 illa
298 1922 382 1954 inferior
393 1922 476 1960 spiritus
489 1922 577 1959 operatio
591 1931 670 1954 cursum
684 1931 742 1953 suum
753 1921 826 1954 habeat
839 1922 900 1954 etiam
913 1922 934 1954 in

109 1982 204 2022 reprobis.
216 1984 294 2016 Interea
307 1983 402 2015 docentur
412 1982 484 2020 fideles,
498 1982 582 2015 sollicite
596 1986 615 2015 et
627 1982 731 2014 humiliter
744 1992 764 2015 se
776 1982 829 2020 ipsos
842 1985 937 2020 excutere,

108 2055 132 2076 ne
144 2054 178 2082 pro
190 2045 234 2075 tidei
247 2044 365 2076 certitudine
376 2044 458 2082 obrepat
471 2044 535 2075 carnis
548 2045 649 2076 securitas.
662 2044 715 2076 Adde
726 2044 780 2083 quod
793 2044 870 2082 reprobi
879 2054 934 2076 nun-

109 2114 169 2144 quam
184 2114 264 2136 sensum
277 2105 352 2143 gratiae
367 2105 406 2136 nisi
421 2104 526 2136 contusum
541 2105 658 2143 percipiunt,
674 2107 696 2136 ut
711 2104 802 2136 umbram
817 2105 884 2143 potius
901 2114 934 2143 ap-

108 2166 231 2203 prehendant
242 2174 301 2203 quam
314 2165 401 2196 solidum
413 2174 493 2203 corpus:
508 2165 555 2203 quia
565 2167 690 2203 peccatorum
702 2164 839 2197 remissionem
852 2165 934 2204 spiritus

107 2225 186 2264 proprie
196 2226 216 2256 in
228 2226 276 2257 solis
288 2225 354 2256 electis
366 2225 463 2263 obsignat,
473 2227 495 2255 ut
506 2234 550 2256 eam
560 2224 640 2263 speciali
650 2224 687 2257 fide
698 2225 719 2257 in
730 2234 789 2257 usum
801 2234 859 2257 suum
871 2225 934 2264 appli-

109 2288 158 2317 cent.
172 2285 242 2317 llcrito
255 2287 322 2317 tamen
338 2285 431 2316 dicuntur
443 2284 521 2322 reprobi
536 2285 598 2317 Deum
613 2285 689 2317 credere
704 2285 743 2317 sibi
757 2285 872 2324 propitium,
887 2285 935 2324 quia

109 2347 183 2377 donum
196 2345 369 2383 reconciliationis,
384 2346 429 2377 licet
442 2345 524 2377 confuse
536 2354 571 2377 nec
585 2345 633 2377 satis
647 2345 745 2384 distincte,
759 2345 880 2384 suscipiunt:
894 2355 934 2378 non

109 2407 162 2445 quod
175 2406 262 2437 eiusdem
276 2406 307 2438 vel
320 2406 370 2444 fidei,
384 2406 416 2437 vel
430 2405 584 2443 regenerationis
598 2406 704 2444 participes
718 2406 759 2438 sint
773 2415 817 2437 curn
831 2405 878 2438 filiis
892 2406 934 2444 Dei,

109 2467 142 2497 sed
156 2466 204 2504 quia
217 2475 320 2497 commune
332 2474 377 2497 cum
390 2466 432 2498 illis
444 2465 489 2497 fidei
503 2465 623 2504 principium
635 2465 708 2498 habere
721 2466 819 2504 videntur,
833 2466 869 2498 sub
884 2467 934 2498 inte-

109 2528 201 2564 gumento
215 2527 348 2564 hypocriseos.
362 2526 399 2558 Nee
414 2536 459 2558 vero
473 2533 522 2563 nego
537 2527 584 2564 quin
599 2528 700 2565 hucusque
715 2536 782 2559 corum
795 2529 870 2559 mentes
885 2527 934 2559 irra-

110 2587 150 2618 diet
163 2586 221 2625 neus,
235 2589 257 2618 ut
270 2587 312 2619 eius
326 2575 411 2624 gratiam
425 2588 540 2624 agnoscant3
557 2587 590 2618 sed
605 2595 685 2619 sensum
700 2587 758 2619 illum
772 2596 784 2619 a
797 2587 893 2626 peculiari
907 2590 934 2620 te-

109 2646 204 2678 stimonio
218 2647 270 2685 quod
282 2646 346 2678 reddit
360 2647 402 2680 suis
416 2646 489 2684 electis,
503 2646 532 2678 ita
544 2646 654 2685 distinguit,
668 2650 691 2679 ut
705 2647 729 2679 ad
743 2646 830 2679 solidum
843 2647 934 2680 effectum

109 2709 127 2738 et
142 2707 259 2738 fruitionem
272 2717 311 2738 non
325 2708 447 2744 perveniant.
460 2707 502 2738 Non
518 2707 570 2738 enim
584 2708 626 2739 ideo
642 2717 661 2739 se
675 2708 785 2746 propitium
799 2707 841 2740 illis
855 2708 934 2740 demon-
