1952 3093
405 71 484 112 -283
499 96 525 103 —

55 198 146 245 primam
160 195 251 240 gloriam
266 207 312 234 esse
327 195 436 233 obiectum
450 194 528 231 meriti.
543 194 562 232 S.
576 193 708 231 Bellarmino
724 196 795 230 autem
810 196 879 230 osten-

55 272 85 310 dit
95 268 147 306 inde
158 268 226 312 repeti
238 279 282 306 non
292 279 355 311 posse
366 267 501 310 solutionem,
513 267 573 303 seda
585 266 717 311 quaestione,
729 269 800 302 utrum
812 276 878 302 unum

55 344 153 386 idemque
164 340 234 384 possit
247 340 343 377 debitum
356 351 402 377 esse
414 351 440 377 ex
452 339 519 376 variis
531 339 606 382 titulis,
619 339 642 376 id
654 338 712 383 quod
724 338 813 375 omnino
825 337 879 374 affir-

54 415 154 454 mandum
173 414 265 450 videtur.
283 413 314 449 Ita
332 412 418 450 Christo
435 412 504 456 gloria
523 412 622 455 eorporis
642 411 714 448 debita
731 413 777 447 erat
795 410 879 447 ratione

27 538 29 540 q
55 486 140 526 unionis
154 485 310 529 hypostaticae,
326 488 345 522 et
359 484 424 522 etiam
437 487 482 521 erat
494 467 604 521 obiectum
617 483 696 520 meriti.
710 482 756 520 «At
770 482 788 519 si
803 493 879 520 conce-

56 561 122 602 datur,
136 557 194 602 quod
208 568 248 595 nos
262 557 421 600 contendimus,
435 559 456 594 et
469 556 528 600 quod
543 567 559 593 s.
572 556 667 592 Thomas
682 555 745 592 docet
759 555 782 592 in
796 555 807 592 3
822 555 879 592 Sent.

55 632 102 670 dist.
115 630 139 667 18
151 621 232 674 quaest.
245 630 255 666 1
268 632 307 666 art.
319 630 330 666 5
342 640 388 666 rem
398 640 463 666 unam
475 631 495 666 et
506 628 596 665 eandem
607 628 674 665 variis
686 627 754 664 titulis
766 638 830 671 posse
843 627 878 664 de-

54 703 105 746 beri,
118 702 164 739 sine
177 701 243 739 dubio
256 701 332 738 ultima
345 701 382 738 illa
396 701 511 744 dispositio
525 703 574 744 post
587 700 720 737 infusionem
733 700 814 744 gratiae
828 709 878 737 con-

55 776 136 812 tinuata
148 774 259 811 meritoria
272 773 313 810 erit
324 773 381 810 vitae
394 776 499 816 aeternae,
511 775 534 809 ut
545 784 561 809 S.
572 772 665 809 Thomas
677 772 790 809 confirmat
800 772 823 808 in
837 773 854 814 1,
867 771 878 807 2

54 849 134 892 quaest.
146 846 184 883 112
197 848 236 883 art.
248 846 260 882 2
274 845 301 882 ad
315 846 388 882 1»1⁷4.
400 845 477 883 Utrum
490 845 544 881 haee
558 844 664 881 sententia
677 855 796 887 provocare
809 844 879 887 possit

54 919 81 957 ad
94 918 211 958 concilium
223 917 373 960 tridentinum,
385 917 443 961 quod
455 917 521 953 vitam
535 919 644 953 aeternam
656 920 676 953 et
688 919 824 960 augmentum
836 915 879 959 glo-

55 992 98 1028 riae
109 989 193 1027 obiecta
203 990 276 1026 meriti
286 1001 333 1026 esse
346 989 405 1032 dicit,
416 1000 460 1026 non
473 992 504 1025 est
516 992 604 1030 eertum,
616 1000 665 1025 cum
677 989 700 1024 in
711 988 803 1025 historia
814 988 879 1024 huius

57 1061 188 1100 definitionis
204 1072 247 1099 non
262 1064 374 1104 appareat,
390 1060 507 1098 concilium
523 1061 579 1096 hane
594 1060 730 1103 questionem
744 1063 831 1103 tangere
846 1060 879 1096 vel

58 1134 145 1171 definire
156 1133 257 1171 voluisse.

57 1363 76 1399 ΙΙ.
88 1364 124 1404 Quo
137 1372 189 1397 sensn
202 1372 244 1404 opus
257 1363 360 1396 merltorlnm
373 1364 464 1404 procedere
477 1363 526 1396 delet
539 1373 559 1396 ex
572 1363 621 1396 tlde?

109 1500 174 1536 Actus
188 1499 312 1536 meritorius
327 1502 358 1536 est
372 1499 483 1536 entitative
496 1500 673 1542 supernaturalis.
687 1500 728 1543 Qui
740 1509 791 1543 ergo
806 1500 882 1536 dicunt

57 1575 126 1608 actum
147 1572 333 1615 supernaturalem
352 1571 432 1609 hahere
453 1571 576 1609 necessario
597 1572 705 1609 obiectum
726 1572 817 1609 formale
838 1571 881 1615 ipsi

57 1644 175 1687 proprium,
197 1644 255 1688 quod
275 1643 421 1687 inattingibile
443 1644 471 1680 sit
491 1644 574 1681 viribus
595 1644 736 1688 naturalibus,
757 1644 880 1681 necessario

57 1726 140 1760 quoque
151 1716 174 1752 id
186 1716 292 1753 affirmare
304 1716 383 1753 dehent
396 1716 421 1753 de
435 1719 483 1753 actu
496 1716 614 1753 meritorio.
627 1716 657 1754 Eo
671 1720 741 1753 autem
755 1717 813 1760 quod
826 1716 881 1760 quis,

57 1790 78 1823 ut
91 1799 130 1825 nos
145 1788 243 1831 fecimus,
255 1788 314 1836 hanc
329 1788 457 1825 sententiam
472 1799 515 1825 non
530 1788 595 1825 hahet
609 1800 648 1832 pro
664 1800 721 1831 vera,
735 1800 768 1825 res
782 1789 804 1824 in
815 1799 880 1842 prae-

57 1847 112 1895 senti
124 1860 213 1896 materia
225 1860 322 1897 nondum
335 1863 366 1897 est
379 1861 458 1897 decisa.
471 1860 543 1897 Potuit
555 1861 612 1897 enim
625 1871 665 1904 per
677 1872 699 1897 se
711 1861 768 1897 Deus
780 1872 820 1904 pro
832 1863 881 1898 actu

23 1969 25 1973 ,
58 1931 167 1968 meritorio
180 1943 226 1968 eam
238 1934 330 1969 statuere
343 1932 502 1975 condicionem,
513 1935 537 1969 ut
549 1932 625 1969 debeat
637 1932 756 1976 procedere
769 1944 795 1970 ex
809 1933 880 1977 aliquo

58 2002 144 2046 motivo,
157 2003 215 2047 quod
229 2015 254 2040 ex
267 2003 309 2041 fide
323 2004 433 2047 cognitum
447 2007 478 2041 est
485 2008 512 2029 1⁷⁵
525 2015 542 2040 e.
555 2014 574 2047 g.
587 2004 692 2042 motivum
706 2005 834 2049 acquirendi
848 2016 881 2042 su-

58 2076 215 2116 pernaturalem
231 2075 397 2120 beatitudinem;
415 2076 438 2111 in
454 2076 495 2112 hac
512 2076 661 2119 suppositione
677 2079 737 2114 actus
753 2077 784 2113 ita
800 2088 827 2113 ex
843 2077 881 2113 tali

59 2146 138 2183 motivo
154 2148 273 2189 procedere
289 2147 382 2190 deberet,
397 2151 420 2184 ut
435 2148 500 2184 homo
516 2150 564 2184 actu
580 2159 618 2185 suo
635 2148 657 2183 in
675 2148 740 2184 istum
756 2148 820 2185 tinem
837 2151 881 2185 ten-

59 2217 107 2254 dere
118 2219 188 2255 vellet.

111 2290 151 2333 Qui
167 2291 317 2328 necessitatem
333 2291 408 2327 motivi
425 2302 450 2328 ex
464 2291 506 2328 fide
521 2292 602 2335 cogniti
618 2292 725 2329 affirmant
739 2303 779 2335 per
793 2304 815 2329 se
831 2304 881 2330 con-

58 2361 133 2399 cedere
146 2362 230 2406 dehent,
242 2363 265 2399 in
277 2363 365 2400 homine
378 2363 434 2400 iusto
446 2363 541 2400 inveniri
552 2374 615 2405 posse
628 2366 693 2405 actus,
707 2365 744 2408 qui
756 2365 800 2401 sint
812 2375 881 2409 neque

105 2503 132 2525 1⁷4
145 2501 272 2540 Bellarmino,
284 2501 311 2533 De
323 2501 463 2533 iustificatione
475 2501 509 2533 lib.
523 2502 533 2533 5
546 2512 587 2540 cap.
601 2502 629 2534 20.

104 2564 131 2586 1⁷5
144 2561 195 2593 Bene
207 2562 358 2594 attendendum:
372 2571 412 2594 non
425 2564 454 2594 est
465 2562 517 2594 idem
530 2562 602 2594 dicere:
617 2563 715 2595 motivum
729 2564 813 2597 alicuius
827 2567 881 2597 actus

59 2629 81 2651 ex
94 2622 223 2660 revelatione,
231 2632 267 2661 per
278 2622 336 2654 fidem
349 2622 449 2660 cognitum
464 2624 498 2661 est,
512 2625 530 2654 et
545 2623 618 2655 dicere:
634 2623 733 2656 obiectum
747 2625 831 2657 formale
846 2625 881 2658 ali-

59 2681 113 2713 cuius
128 2685 182 2714 actus
196 2683 236 2714 tale
250 2684 285 2715 est.
298 2683 350 2721 quod
363 2692 402 2715 non
415 2683 454 2715 nisi
470 2685 514 2715 actu
529 2683 633 2716 entitative
648 2685 795 2723 supernaturali
810 2686 881 2725 attingi

60 2743 127 2776 potest.
