1952 3093
416 56 537 99 -3'79-

54 169 203 213 conversionis
213 187 256 213 non
266 177 369 215 tribuitur
378 179 473 215 delectui
481 179 568 223 gratiae,
579 180 616 217 sed
626 181 694 217 malae
703 181 801 225 ipsorum
811 182 885 218 volun-

57 248 102 290 tati,
113 240 168 293 quae
178 249 259 292 gratiae
271 250 358 287 resistit.

110 326 186 364 «Loco
200 327 242 364 alio
255 331 368 370 peccatum
382 329 456 366 fratris
472 330 499 367 ad
512 333 609 373 mortem,
626 331 651 367 de
666 342 708 375 quo
724 331 778 369 dicit
792 332 884 368 Ioannes

58 399 177 442 apostolus:
194 399 242 437 Non
258 411 298 444 pro
313 401 351 438 illo
366 401 415 439 dico
431 406 453 439 nt
468 406 527 446 roget
541 403 622 447 quise,
638 403 667 440 ita
682 403 774 441 delinivi
789 407 812 441 ut
828 403 884 441 dice·

58 482 113 509 rem:
129 471 244 514 Peccatum
258 473 333 510 fratris
348 473 375 511 ad
389 476 480 512 mortem
493 478 546 519 puto
562 486 607 512 esse
624 486 672 513 cum
687 479 736 519 post
751 476 883 520 agnitionem

56 546 95 583 Dei
110 557 150 590 per
163 547 253 590 gratiam
267 547 355 585 Domini
370 549 438 586 nostri
453 549 501 586 Iesu
517 548 598 587 Christi
611 550 702 594 quisque
717 553 829 594 oppugnat
843 550 884 586 tra·>

58 619 186 663 ternitatem,
198 623 219 657 et
230 620 333 658 adversus
345 621 415 665 ipsam
426 622 516 665 gratiam
529 633 570 666 otia
582 623 736 667 reconciliatus
746 626 778 661 est
788 623 841 668 Deo,
853 623 884 659 in-

58 692 166 729 videntiae
186 692 269 730 facibus
288 694 380 737 agitatur
388 697 411 730 ²⁹.
431 694 492 739 Quod
509 694 597 739 quidem
616 706 658 732 non
678 695 816 739 confirmavi,
833 706 884 739 quo·

57 765 116 801 niam
134 764 175 802 hoc
192 768 268 808 putare
286 777 319 803 me
339 766 396 803 dixi:
411 767 453 804 sed
470 769 540 804 tamen
559 767 682 804 addendum
701 768 748 811 init,
767 767 785 804 si
803 767 826 804 in
842 767 884 804 hac

58 839 100 873 tam
114 838 218 882 scelerata
232 839 310 875 mentis
324 840 465 881 perversitate
482 840 565 876 finierit
578 839 635 876 hanc
649 839 725 883 vitam3
740 839 842 884 quoniam
858 839 884 876 de

57 920 192 953 quocumque
209 910 304 953 pessimo
319 911 341 946 in
360 910 400 947 hac
416 911 460 947 vita
478 911 595 948 constituto
611 922 653 948 non
672 914 703 948 est
719 910 793 955 utique
810 911 885 955 despe-

58 981 156 1025 randum,
174 982 215 1018 ne'c
232 992 273 1024 pro
290 982 328 1019 illo
348 983 498 1026 imprudenter
517 986 596 1026 oratur,
616 984 641 1020 de
661 994 702 1026 quo
723 994 765 1019 non
786 983 885 1025 despera-

58 1058 142 1092 tur»³⁰.
695 1059 697 1061 ’

112 1139 131 1177 S.
144 1139 252 1177 Pnosrnn:
271 1139 398 1182 «Obiecti02
417 1141 478 1183 Quod
493 1151 568 1177 omnes
582 1140 614 1177 illi
629 1140 741 1185 fideleset
756 1138 832 1184 sancti,
847 1141 883 1185 qui
906 1142 908 1145 ’

58 1213 85 1249 ad
96 1215 205 1250 aeternam
217 1216 306 1250 mortem
319 1213 473 1256 praedestinati
486 1216 541 1250 sunt.
552 1216 701 1257 posteaquam
714 1212 840 1256 ceciderint,
853 1213 884 1250 sic

59 1296 69 1321 a
87 1285 131 1322 Deo
151 1285 310 1328 dispensentur,
328 1289 350 1322 ut
368 1295 408 1322 nec
425 1286 510 1328 possint
528 1296 568 1322 nec
586 1285 711 1327 velintper
728 1285 885 1328 poenitentiam

58 1357 154 1394 libcrari.
167 1356 299 1401 Responsio:
316 1357 364 1395 Non
378 1358 490 1401 ueracitery
506 1368 546 1393 nec
561 1358 670 1400 sapienter
685 1357 727 1393 hoc
742 1356 829 1394 dicitur.
844 1356 884 1400 Qui

59 1429 115 1465 enim
131 1440 142 1465 a
155 1428 201 1466 fide
214 1433 234 1466 et
247 1430 360 1466 sanctitate
375 1429 509 1471 exciderunt,
524 1429 579 1466 sicut
592 1430 702 1465 voluntate
716 1429 814 1472 prolapsi
829 1431 885 1480 sunt,

59 1501 86 1537 ita
104 1493 213 1538 voluntate
229 1511 272 1538 non
289 1503 385 1544 surgunt,
402 1504 422 1537 et
439 1502 572 1538 dominatum
589 1500 823 1545 concupiscentiarumy
840 1499 885 1544 qui-

59 1573 97 1609 bos
108 1565 274 1615 succubuerunt,
285 1567 362 1615 sponte
373 1573 491 1615 patiuntur.
503 1572 524 1608 Si
536 1573 573 1617 qui
584 1575 654 1609 autem
666 1572 813 1615 captivitatem
825 1560 884 1608 suain

58 1649 151 1689 gemunt,
172 1649 192 1683 et
211 1645 332 1683 iudicantes
352 1645 485 1688 semetipsos,
506 1645 533 1681 ad
554 1644 727 1682 inisericordiam
745 1643 785 1680 Dei
804 1646 885 1680 mutato

59 1719 124 1756 corde
136 1718 270 1763 confugiunt,
285 1729 326 1755 non
342 1718 389 1755 sine
402 1717 482 1762 spiritu
495 1717 582 1754 divinae
596 1716 727 1754 visitationis
739 1716 782 1754 hoc
795 1716 885 1753 iaciunt.

60 1791 116 1828 Haec
134 1791 191 1829 enim
204 1783 299 1828 ¹mutatio
318 1791 417 1828 dexterae
433 1790 554 1835 Excelsi³¹;
572 1789 609 1834 qni
627 1789 748 1825 innumeris
764 1787 833 1832 lapsis
850 1789 886 1825 dal

59 1865 221 1908 poenitentiam,
236 1867 260 1901 ut
274 1863 429 1907 resipiscente
446 1863 528 1900 diaboii
542 1862 630 1905 laqueis,
646 1859 657 1898 a
673 1872 715 1905 quo
731 1860 812 1904 captivi
828 1863 885 1897 tene·

59 1936 137 1980 bantur
148 1936 174 1973 ad
185 1936 254 1979 ipsius
266 1937 397 1973 voluntatem
405 1940 429 1971 ³2.
441 1934 527 1972 Nemini
539 1937 609 1972 autern
620 1935 676 1970 Dens
687 1932 830 1970 correctionis
841 1932 885 1969 adi-

59 2009 97 2045 mit
112 2008 175 2053 viam,
190 2000 230 2045 nec
247 2019 375 2051 quemqnam
391 2008 443 2044 boni
459 2007 602 2050 possibilitate
618 2006 727 2049 dispoliat.
741 2004 795 2048 Quia
809 2004 846 2049 qui
863 2015 885 2040 se

60 2091 70 2117 a
84 2081 128 2118 Deo
143 2081 226 2120 avertit,
240 2081 286 2123 ipse
300 2084 320 2118 et
334 2080 388 2116 velle
403 2080 462 2124 qnod
475 2079 555 2116 bonurn
570 2081 608 2119 est,
623 2080 643 2115 et
657 2088 721 2121 posse
736 2076 778 2113 sibi
793 2066 897 2113 sustulit.'

59 2152 106 2189 Non
123 2155 154 2189 est
169 2162 218 2195 ergo
234 2157 374 2196 consequens,
391 2151 447 2196 sicut
462 2153 537 2194 putant
551 2151 588 2194 qui
603 2149 654 2186 talia
670 2148 775 2194 obiciunt,
791 2151 814 2185 ut
829 2148 886 2185 Deus

57 2224 136 2268 quibus
150 2224 306 2268 poenitentiam
320 2234 363 2261 non
379 2224 469 2266 dederit,
483 2222 656 2266 resipiscentiam
671 2220 784 2258 abstulerit
798 2222 818 2256 et
832 2229 885 2263 quos

59 2307 102 2334 non
114 2298 197 2340 levarit,
210 2297 309 2340 alliserit3
323 2307 370 2333 enm
382 2296 441 2333 aliud
452 2295 479 2332 sit
491 2295 597 2331 insontem
610 2293 632 2331 in
645 2293 728 2330 crimen
741 2292 816 2336 egisse,
827 2290 885 2335 quod

59 2414 194 2421 --·-...--.

109 2491 148 2522 281
164 2489 184 2523 Io
200 2490 216 2528 5,
231 2489 259 2523 ld.

109 2553 126 2574 ²⁹
139 2550 166 2582 De
180 2560 269 2582 sermone
283 2550 361 2582 Domini
376 2551 396 2582 in
409 2552 477 2582 monte
489 2549 523 2582 lib.
538 2549 545 2580 l
560 2560 601 2588 cap.
615 2549 637 2580 22
651 2559 680 2581 nr.
695 2549 722 2580 75.

110 2614 126 2635 3⁰
140 2610 224 2643 Retract.
239 2610 272 2642 lib.
287 2611 302 2648 1,
316 2611 338 2643 19
350 2620 379 2643 nr.
394 2610 413 2649 75
428 2610 461 2643 ML
473 2610 502 2648 32,
514 2610 553 2643 616.

110 2674 126 2694 ³2
140 2670 164 2702 Ps
178 2669 206 2708 76,
221 2670 248 2703 11.

109 2734 126 2755 ³2
140 2731 149 2762 1
163 2730 207 2762 Tim
221 2731 237 2768 2,
252 2731 280 2763 26.
