1952 3093
329 347 331 349 ,
414 308 527 346 Tnnoioar

111 466 131 503 S.
147 465 253 501 Trinitas:
274 465 413 508 «Antequam
428 442 524 501 hominis
542 464 604 507 ratio,
621 464 644 500 in
661 474 703 508 qua
720 466 753 500 est
769 465 883 506 peecatum

59 538 153 580 mortale,
165 540 278 580 reparetur
288 547 328 579 per
339 536 431 579 gratiam
442 535 601 579 iustificantem,
613 538 684 579 potest
697 535 780 578 singula
793 537 883 579 peccata

57 608 156 649 mortalia
166 608 240 652 vitare,
252 611 273 645 et
283 607 404 650 seeundum
415 607 504 652 aliquod
515 610 609 652 tempus3
622 607 674 651 quia
686 617 730 644 non
743 609 775 643 est
786 617 881 649 necesse,

58 681 115 727 quod
126 680 230 731 continuo
242 682 318 723 peccet
328 679 352 716 in
364 682 422 724 actu;
435 679 474 716 sed
484 679 542 723 quod
555 679 593 716 diu
603 682 689 716 maneat
700 679 780 722 absque
791 680 882 722 peccato

58 752 149 795 mortali,
166 762 212 788 esse
226 754 363 794 non-potest.
377 750 441 789 Unde
454 753 477 788 et
492 749 607 794 Gregorius
625 750 679 800 dicit
695 760 766 794 super,
775 749 882 792 Ezechiel,

58 824 115 870 quod
128 826 247 868 peccatum,
260 822 318 867 quod
331 833 382 859 mox
393 833 434 872 per
444 822 602 866 poenitentiam
615 832 659 860 non
674 822 763 865 deletur,
777 832 817 859 suo
829 831 883 865 pon-

59 898 107 934 dere
123 895 150 932 ad
166 895 226 932 aliud
241 894 314 933 trahit.
329 894 357 932 Et
372 895 437 932 huius
453 895 510 932 ratio
526 898 563 938 est,
580 894 632 938 quia
648 894 705 931 sicut
720 893 801 931 rationi
817 893 882 931 subdi

58 968 120 1006 dehet
130 967 224 1004 inferior
233 967 350 1011 appetitus,
361 967 392 1004 ita
404 966 469 1004 etiam
481 966 537 1004 ratio
550 966 614 1004 suhdi
627 966 691 1003 dehet
702 966 754 1010 Deo,
765 966 820 1003 etin
832 966 881 1009 ipso

57 1040 187 1077 constituere
202 1038 267 1076 finem
282 1049 335 1076 suae
351 1039 477 1083 voluntatis;
495 1049 535 1082 per
550 1037 616 1075 finem
633 1041 704 1075 autem
721 1040 807 1082 oportet
823 1037 882 1082 quod

57 1112 180 1155 regulentur
194 1121 269 1148 omnes
284 1114 345 1147 actus
358 1111 456 1153 humani,
472 1110 527 1148 sicut
540 1121 580 1154 per
595 1110 687 1147 rationis
701 1110 808 1147 iudicium
822 1119 882 1154 regu-

57 1183 97 1220 lari
109 1182 189 1220 dehent
200 1185 270 1220 motus
282 1182 395 1220 inferioris
405 1183 523 1227 appetitus.
537 1182 596 1220 Sicut
605 1192 658 1226 ergo
668 1178 772 1220 'inferiori
784 1182 882 1226 appetitu

56 1267 99 1293 non
111 1256 206 1293 totaliter
217 1256 314 1293 subiecto
326 1255 413 1300 rationi,
424 1266 468 1293 non
480 1259 551 1298 potest
563 1266 608 1293 esse
620 1256 673 1299 quin
686 1255 813 1298 contingant
824 1255 882 1291 inor-

59 1328 127 1365 dinati
140 1330 210 1364 motus
223 1328 248 1363 in
263 1327 361 1371 appetitu
375 1327 486 1371 sensitivo,
501 1327 533 1364 ita
547 1327 618 1365 etiam·
627 1327 711 1365 ratione
725 1327 821 1364 hominis
837 1337 881 1364 non

57 1399 152 1436 totaliter
162 1398 279 1446 exsistente
291 1399 388 1436 subiecta
400 1399 452 1442 Deo,
464 1409 599 1443 consequens
612 1402 645 1437 est
655 1402 680 1436 ut
690 1399 818 1442 contingant
829 1399 882 1436 mul-

56 1473 89 1507 tae
103 1471 278 1508 inordinationes
292 1471 316 1507 in
330 1471 385 1514 ipsis
401 1471 485 1508 actibus
500 1471 598 1510 rationis.
614 1470 667 1508 Cum
683 1470 741 1508 enim
756 1470 821 1508 homo
836 1481 880 1508 non

56 1543 119 1581 hahet
129 1554 238 1581 corsuum
248 1543 356 1581 firmatum
365 1544 388 1580 in
399 1544 450 1587 Deo,
461 1547 484 1580 ut
495 1555 535 1587 pro
546 1544 605 1581 nullo
616 1544 674 1581 hono
684 1544 836 1588 consequendo
848 1544 882 1580 vel

56 1615 112 1652 malo
125 1615 215 1653 vitando
229 1615 255 1652 ab
269 1627 295 1653 eo
309 1615 407 1659 separari
419 1616 489 1659 vellet,
503 1618 621 1653 occurrunt
634 1617 707 1659 multa,
721 1619 812 1660 propter
826 1626 881 1660 quae

57 1687 208 1731 consequenda
223 1688 257 1724 vel
272 1688 361 1725 vitanda
375 1688 440 1724 homo
455 1687 539 1725 recedit
554 1698 567 1725 a
580 1688 632 1731 Deo,
646 1688 807 1725 contemnendo
819 1699 880 1731 prae-

57 1761 117 1802 cepta
128 1758 208 1802 ipsius3
222 1762 242 1796 et
253 1759 283 1796 ita
296 1762 372 1802 peccat
384 1759 513 1803 mortalitem
527 1760 644 1803 praecipue
658 1760 709 1804 quia
722 1760 745 1796 in
758 1752 880 1803 repentinis

56 1829 120 1866 homo
132 1833 234 1873 operatur
246 1831 365 1868 secundum
375 1830 440 1868 finem
452 1834 643 1875 praeconceptum,
656 1836 676 1869 et
688 1832 808 1869 secundum
820 1832 880 1869 hahi-

56 1904 100 1938 tum
110 1902 298 1945 praeexistentem,
310 1905 333 1940 ut
344 1902 489 1947 Philosophus
504 1903 558 1940 dicit
569 1904 592 1939 in
606 1904 617 1940 3
630 1903 767 1948 Ethieorum;
781 1905 879 1948 quamvis

56 1985 81 2010 ex
93 1975 287 2017 praemeditatione
303 1976 393 2013 rationis
409 1976 474 2012 homo
489 1976 558 2019 possit
573 1976 656 2020 aliquid
672 1986 733 2019 agere
748 1978 836 2019 praeter
848 1987 881 2013 or-

57 2044 128 2083 dinem
145 2045 195 2083 finis
214 2047 375 2090 praeconcepti,
396 2050 416 2083 et
435 2050 521 2091 praeter
540 2048 706 2084 inclinationem
724 2047 818 2085 habitus.
838 2047 880 2098 Sed

56 2118 105 2160 quia
122 2118 186 2155 homo
205 2129 249 2155 non
267 2121 338 2161 potest
355 2130 441 2162 semper
458 2130 504 2156 esse
521 2119 545 2155 in
562 2119 600 2156 tali
617 2120 818 2166 praemeditatione,
835 2130 879 2157 non

56 2192 126 2230 potest
139 2190 264 2233 contingere
276 2193 301 2227 ut
315 2190 352 2227 diu
366 2194 498 2235 permaneat,
512 2191 564 2234 quin
580 2172 681 2234 operetur
696 2191 815 2228 secundum
830 2202 880 2229 eon-

56 2262 187 2298 venientiam
200 2263 317 2299 voluntatis
332 2262 472 2300 deordinatae
488 2274 499 2300 a
513 2263 564 2305 Deo,
580 2263 623 2299 nisi
638 2264 681 2300 cito
695 2274 735 2306 per
747 2264 839 2307 gratiam
853 2264 881 2301 ad

57 2331 151 2380 debitum
165 2334 265 2370 ordinem
279 2337 453 2377 repareturraae.

108 2410 133 2446 In
148 2410 198 2456 illis,
212 2422 267 2454 quae
280 2411 348 2448 thesis
362 2411 459 2455 affirmat,
474 2412 568 2456 theologi
581 2413 723 2457 conveniunt;
738 2414 776 2450 sed
790 2413 813 2449 in
828 2414 880 2451 ulte-

55 2480 112 2518 riore
124 2482 269 2526 explicatione
282 2483 419 2526 dissentiunt,
430 2484 487 2520 utin
499 2484 627 2527 exponenda
640 2484 696 2522 thesi
708 2485 829 2522 indicatum
842 2488 879 2523 est.

56 2580 199 2588 m

103 2640 130 2662 259
143 2638 160 2670 S.
172 2638 206 2669 Th.
220 2639 236 2677 1,
247 2639 263 2671 2.
277 2649 294 2678 q.
306 2639 339 2671 109
354 2649 370 2671 a.
383 2640 402 2677 8;
416 2640 443 2671 De
455 2641 537 2672 veritate
550 2650 568 2678 q.
581 2641 603 2672 24
617 2651 633 2672 a.
646 2640 678 2679 12;
692 2641 752 2679 paulo
765 2641 824 2673 aliter
835 2641 857 2674 In
869 2641 880 2674 2

57 2695 101 2729 dist.
116 2698 138 2730 28
154 2709 171 2738 q.
186 2699 251 2738 unica,
266 2709 282 2732 a.
296 2700 307 2732 2
322 2703 341 2732 et
355 2699 371 2732 3.
