1952 3093
446 24 567 62 -132-

146 145 292 183 Praeferenda
303 144 390 182 videtur
401 144 463 188 prior
475 145 588 188 sententia,
602 155 657 189 quae
671 145 745 182 statuit
758 146 919 189 oppositionem

93 218 271 261 metaphysicam
288 219 309 254 et
324 216 413 261 quidem
429 216 457 254 ob
474 217 561 254 easdem
577 217 673 254 rationes
688 228 743 261 quae
760 228 827 260 supra
843 220 920 255 contra

94 290 197 328 Scotistas
212 289 315 326 inductae
331 292 386 326 sunt.
404 288 426 327 Si
442 289 500 326 enim
516 289 585 332 gratia
601 299 677 326 revera
692 291 725 325 est
739 289 781 326 tale
796 299 841 333 ens,
858 290 919 327 cuius

93 361 204 399 infusione
220 361 285 398 homo
301 363 417 404 generatur
430 372 457 398 ex
471 361 522 404 Deo,
538 360 642 397 terminus
659 360 723 398 huius
740 361 859 398 infusionis
874 362 919 398 sive

93 433 241 478 generationis
258 436 290 470 est
306 432 364 470 filius
380 433 421 470 Dei
438 432 559 477 adoptivus,
577 432 660 470 amicus
678 433 727 478 Dei;
745 432 832 470 videtur
847 436 920 471 autem

94 505 243 549 metaphysica
256 514 384 549 repugnare,
398 505 457 549 quod
470 505 527 543 Deus
542 504 653 542 infusione
667 505 749 548 gratiae
764 504 920 542 sanctificantis

93 576 205 614 hominem
217 577 284 614 faciat
294 576 363 614 filium
376 588 437 614 suum
450 579 471 614 et
482 577 582 620 amicum,
594 580 615 614 et
626 577 690 614 simul
702 577 796 614 eundem
808 577 920 614 hominem

94 649 145 687 odio
161 649 245 693 haheat,
260 652 284 686 ut
300 660 362 686 suum
378 648 498 686 inimicum.
515 648 619 686 Similiter
634 648 783 693 metaphysice
799 658 919 692 repugnare

94 721 187 766 videtur,
201 722 260 766 quod
273 721 331 758 Deus
346 721 457 758 infusione
470 720 551 764 gratiae
566 720 677 758 hominem
692 721 758 757 faciat
772 720 874 758 heredem
889 721 920 756 vi-

94 796 129 830 tae
144 796 250 836 aeternae,
264 796 285 830 et
298 793 362 830 simul
375 793 428 830 velit
443 793 535 830 eundem
549 792 661 830 hominem
676 803 722 830 esse
737 792 855 830 obnoxium
870 803 920 836 poe-

95 875 135 901 nae
148 867 254 902 aeternae.
268 865 337 903 Homo
350 865 420 908 gratia
432 867 518 902 sanetus
532 864 677 908 constituitur,
693 867 750 902 recte
765 865 878 902 ordinatus
893 866 920 901 ad

94 937 163 974 Deum
177 936 242 974 finem
255 937 366 982 ultimum;
382 946 431 981 ergo
448 947 472 974 eo
487 947 529 981 quo
544 936 666 973 formaliter
680 937 793 974 ordinatus
808 936 920 974 constitui-

94 1012 136 1052 tur,
146 1009 269 1046 excluditur
280 1009 401 1046 formaliter
412 1008 547 1045 inordinatio
557 1008 623 1045 relate
632 1008 661 1046 ad
671 1008 764 1046 eundem
774 1007 849 1053 finem;
861 1008 917 1045 sive:

94 1080 243 1124 metaphysice
256 1083 368 1124 repugnat,
379 1080 491 1117 hominem
502 1080 567 1117 simul
579 1081 646 1117 relate
658 1080 686 1117 ad
698 1080 791 1117 eundem
803 1080 920 1117 terminum

96 1155 145 1189 actu
158 1163 204 1190 esse
218 1153 342 1190 ordinatum
356 1155 376 1189 et
389 1162 433 1189 non
448 1152 579 1189 ordinatum.
726 1195 728 1199 ‚

149 1229 171 1266 si
181 1233 253 1266 autem
267 1230 294 1267 ad
306 1229 346 1267 has
358 1233 378 1267 et
389 1229 472 1267 similes
484 1230 579 1267 nationes
593 1230 685 1274 dicatur,
697 1229 751 1267 haec
763 1229 837 1267 omnia
848 1229 920 1267 valere

96 1301 122 1339 de
136 1301 205 1345 gratia
217 1311 261 1339 non
273 1301 296 1338 in
311 1312 349 1339 suo
363 1301 421 1339 nudo
436 1312 481 1338 esse
495 1301 588 1345 physico
602 1303 704 1345 spectata,
720 1302 758 1338 sed
772 1301 837 1338 simul
850 1302 920 1339 consi-

96 1373 170 1410 derata
183 1374 229 1411 eius
243 1373 347 1416 dignitate
359 1373 443 1417 moral-i,
456 1373 501 1411 sive
515 1373 541 1410 de
554 1373 623 1417 gratia
635 1373 773 1411 considerata
786 1374 809 1410 in
822 1384 860 1410 suo
874 1384 920 1411 esse

94 1445 280 1489 physico-morali,
294 1445 470 1489 respondendum
483 1444 575 1490 videtur,
587 1445 678 1488 gratiam
690 1445 714 1482 in
725 1444 822 1482 fontibus
835 1445 921 1482 exhibe-

95 1517 115 1553 ri
126 1520 150 1554 ut
160 1527 198 1554 ens
207 1517 263 1554 adeo
274 1517 372 1561 sublime,
383 1520 407 1554 ut
418 1516 535 1554 dicendum
547 1517 575 1554 sit
585 1528 632 1554 eam
642 1509 719 1554 natura
731 1527 769 1554 sua
779 1517 839 1554 fliam
852 1517 921 1560 digni-

95 1592 161 1626 tatem
172 1589 291 1632 includere,
303 1589 333 1626 ita
344 1592 368 1625 ut
376 1589 406 1632 id,
418 1589 478 1633 quod
487 1599 536 1626 cum
545 1588 586 1626 hac
599 1589 702 1632 dignitate
713 1591 800 1633 pugnet,
812 1599 861 1626 eum
873 1589 921 1632 ipsa

95 1660 165 1705 gratia
180 1663 267 1705 pugnet.
283 1660 305 1698 Si
321 1660 379 1698 enim
395 1661 437 1698 hoc
452 1671 495 1698 non
513 1660 668 1704 admitteretur,
685 1661 802 1698 dicendum
819 1664 879 1704 esset,
896 1661 921 1697 il-

95 1733 139 1769 lam
150 1732 314 1776 perfectionem,
327 1743 370 1777 qua
383 1732 451 1776 gratia
464 1732 575 1770 hominem
589 1733 683 1769 amicum
697 1732 797 1769 etlilium
809 1733 849 1769 Dei
861 1733 920 1775 facit,

95 1815 138 1848 qua
154 1804 303 1848 metaphysice
317 1806 431 1848 peccatum
448 1804 473 1841 ab
489 1804 578 1842 homine
596 1804 697 1848 excludit,
714 1815 758 1841 non
775 1815 821 1842 esse
836 1804 921 1849 aliquid

84 1865 140 1920 ‘ipsi
157 1877 238 1920 gratiae
254 1876 375 1920 essentiale,
392 1876 431 1913 sed
448 1875 531 1920 aliquid
547 1876 605 1920 quod
623 1876 698 1913 adesse
715 1879 735 1913 et
752 1876 826 1914 abesse
843 1879 920 1920 potest.

95 1948 162 1985 Adest
175 1958 231 1991 ergo,
245 1948 264 1985 si
277 1951 298 1985 et
310 1948 439 1992 inquantum
451 1947 509 1985 Deus
521 1948 596 1985 adesse
609 1949 663 1992 vult3
677 1952 698 1985 et
711 1948 741 1985 ita
755 1951 786 1985 est
799 1948 920 1991 periculum

96 2019 210 2057 incidendi
224 2020 247 2056 in
260 2019 390 2057 senteutiam
403 2019 493 2057 Mastrii.

149 2091 205 2135 Ergo
220 2091 347 2128 dicendum:
363 2092 432 2135 gratia
445 2091 582 2128 sanctificans
595 2092 688 2128 essentia
701 2103 739 2128 sua
752 2094 784 2128 est
797 2102 835 2128 ens
849 2094 920 2128 tantae

96 2162 245 2207 perfectionis,
262 2167 286 2200 ut
302 2167 379 2200 natura
396 2174 434 2200 sua
452 2163 480 2200 sit
497 2174 561 2200 causa
578 2163 676 2200 formalis
693 2163 828 2200 remissionis
846 2174 921 2207 pecca-

96 2239 174 2278 torum,
186 2235 351 2280 iustificationis,
365 2235 569 2272 communicationis
582 2238 671 2272 naturae
684 2235 777 2279 divinae,
789 2235 920 2279 adoptionis.

150 2379 247 2416 Tandem
267 2380 337 2416 adhuc
357 2379 432 2424 quaeri
450 2381 531 2423 potest:
555 2381 614 2416 estne
634 2379 657 2416 in
677 2378 832 2434 iustificatione
852 2379 922 2422 gratia

98 2452 170 2488 creatu
186 2462 210 2488 eo
226 2462 290 2488 sensu
308 2450 373 2489 unica
390 2462 455 2489 ceusu
470 2450 575 2495 formulis,
593 2454 615 2488 ui
632 2451 692 2488 nullo
710 2451 774 2488 modo
794 2451 840 2495 ipse
857 2452 920 2495 Deus,

97 2522 192 2566 Spiritus
204 2524 292 2560 sanctus
306 2522 351 2560 dici
361 2523 431 2567 possit
443 2533 508 2560 causa
520 2522 632 2566 formulis‘.l
645 2523 678 2560 Ad
689 2524 731 2560 hoc
746 2523 863 2560 dicendum
877 2526 918 2561 est:

98 2605 164 2631 sensu
181 2595 256 2632 stricto
273 2588 331 2632 Deus
348 2595 395 2638 ipse
414 2605 459 2632 non
475 2597 547 2638 potest
565 2605 611 2632 esse
630 2605 694 2632 causa
713 2595 811 2632 formalis
829 2595 921 2632 alicuius

97 2666 239 2710 perfectionis
252 2669 372 2711 creaturae;
386 2668 424 2704 sed
437 2677 501 2704 causa
514 2666 612 2704 formalis
624 2666 705 2704 dicitur
716 2667 781 2704 etiam
794 2677 858 2704 sensu
870 2678 921 2712 quo-
