1952 3093
486 48 607 87 -156-

135 171 167 208 cia
187 173 207 208 et
225 181 274 207 vere
293 170 407 207 temeraria
425 170 572 213 praesumptio
591 170 614 206 in
631 169 767 206 Lutheranis.
785 168 839 205 Nam
859 169 885 206 de
902 171 957 212 bona

134 241 268 279 conscientia
284 241 361 278 scribit
375 241 490 284 Apostolus
504 241 517 277 2
533 240 575 278 Cor
590 241 612 276 1:
631 240 703 277 Gloria
719 242 793 277 nostra
807 240 862 276 haee
877 244 914 285 est,
930 246 957 280 te-

135 313 260 351 stimoninm
277 313 423 351 conscientiae
438 315 530 350 nostrae.
547 311 572 350 Et
588 324 604 350 s.
619 312 710 350 loannes
725 312 748 349 in
765 312 827 356 epist.
844 312 854 349 1
870 323 917 357 cap.
934 315 955 353 3:

135 387 152 424 si
172 397 209 424 cor
228 389 326 424 nostrum
346 396 389 423 non
409 386 574 429 reprehenderit
593 396 639 428 nos,
657 385 759 423 fiduciam
778 385 882 422 hahemus
902 391 957 430 apud

134 459 209 495 Deum.
226 459 257 496 De
276 469 327 494 vera
346 458 476 494 contritione
494 457 571 495 scribit
590 457 696 499 Salomon,
715 457 771 494 Prov
790 457 825 493 14:
846 468 883 493 cor
901 462 958 501 quod

135 529 195 567 novit
213 529 380 567 amaritudinem
396 530 480 566 animae
498 540 554 573 suae,
571 529 595 565 in
612 528 691 572 gaudio
708 528 754 566 eius
771 539 815 566 non
833 528 959 567 miscebitur

136 605 256 639 extraneus.
272 602 325 639 Vere
341 602 398 639 enim
412 602 549 639 incredibilis
564 601 647 639 laetitia
663 602 732 638 oritur
749 612 774 638 ex
791 613 822 644 eo,
838 602 896 645 quod
912 603 958 646 quis

135 674 208 711 videat
221 686 242 711 sc
256 675 391 711 irinarissime
405 678 493 718 peecata
506 685 544 711 sua
558 674 642 711 deflere.
656 674 723 711 Porro
738 674 816 710 caritas
830 674 886 710 nihil
899 675 959 716 prius

136 745 204 788 gignit
214 757 278 789 quam
291 746 393 788 gaudium
406 750 426 782 et
437 756 519 788 pacem.
530 745 583 782 Inde
597 746 654 782 enirn
667 745 747 781 dicitnr
759 744 819 782 Galat
832 745 854 781 5:
870 744 959 783 Fructus

137 817 229 861 Spiritus
245 821 276 855 est
291 817 369 855 caritas
383 818 485 862 gandium
499 821 519 855 et
532 829 575 861 pax
590 821 629 856 ete.

190 890 232 928 Sed
250 901 275 927 ex
293 890 405 935 patientia,
422 893 446 927 ut
463 890 505 927 alia
523 901 581 927 nunc
597 890 724 932 ommittanr,
743 890 875 927 solidissima
892 892 960 928 oritur

137 962 263 999 consolatio.
278 962 332 999 Nam
347 965 370 999 ut
386 963 416 999 ait
430 962 538 1005 apostolus
555 962 608 999 Rom
624 963 646 998 5:
665 961 787 999 Gloriamnr
802 962 825 997 in
841 961 960 999 tribulatio-

137 1034 207 1076 nibus,
223 1033 274 1077 quia
290 1033 400 1071 tribulatio
416 1033 544 1077 patientiam
559 1037 666 1077 operatur,
683 1033 787 1076 patientia
804 1032 960 1077 probationem,

138 1105 238 1149 probatio
254 1117 305 1143 vero
321 1117 387 1149 spem,
404 1117 453 1149 spes
468 1108 538 1142 autem
553 1116 597 1142 non
614 1105 735 1149 confundit,
753 1109 791 1143 etc.
807 1105 834 1142 Et
850 1106 861 1141 2
879 1105 921 1143 Cor
937 1107 958 1143 7:

137 1179 238 1222 Repletus
256 1189 303 1215 sum
320 1178 473 1220 consolatione,
492 1178 644 1221 superabundo
661 1177 739 1230 gaudio
757 1177 780 1213 in
798 1178 858 1215 omni
874 1178 961 1215 tribula·

138 1250 197 1287 tione
212 1252 292 1286 nostra.
306 1249 332 1286 Et
345 1261 392 1293 cap.
407 1249 430 1286 8:
447 1250 532 1294 Notum,
547 1250 624 1293 inquit,
640 1249 702 1286 vobis
717 1250 809 1285 iacimus
825 1250 902 1286 iratres
917 1259 961 1292 gra-

138 1322 190 1358 tiani
207 1322 253 1364 Dei,
271 1332 325 1365 quae
343 1322 391 1359 data
408 1324 439 1358 est
456 1322 479 1358 in
495 1321 598 1358 Ecclesiis
617 1321 762 1365 Macedoniae,
779 1322 837 1365 quod
854 1322 876 1357 in
896 1322 961 1359 multo

139 1394 286 1437 experimento
300 1393 446 1431 tribulationis
462 1394 594 1431 abundantia
608 1394 682 1437 gaudii
696 1394 793 1437 ipsorum
808 1393 868 1430 luit...

191 1471 264 1508 Sancti
283 1482 367 1515 quoque
386 1471 465 1514 Patres,
485 1482 575 1515 quorum
595 1471 718 1508 testimonia
736 1481 850 1514 perperam
870 1471 962 1507 adduxe-

139 1546 189 1579 runt
202 1542 321 1580 adversarii
335 1553 375 1586 pro
389 1543 519 1580 certitudine
531 1543 588 1586 fidei,
602 1547 622 1580 et
634 1543 762 1586 praesertim
776 1542 904 1586 Cyprianus,
916 1543 962 1579 Arn-

139 1615 231 1659 brosius,
249 1614 386 1658 Augustinus,
405 1616 447 1652 Leo
466 1615 603 1652 securitatem
622 1616 705 1652 animae
725 1626 768 1652 non
787 1627 812 1652 ex
830 1614 872 1652 fide
890 1616 963 1652 remis-

140 1687 208 1724 sionis
226 1691 371 1730 peccatorum,
388 1688 426 1724 sed
444 1698 469 1724 ex
486 1687 620 1724 conscientia
639 1688 734 1724 caritatis
753 1692 773 1724 et
790 1698 880 1731 operum
898 1689 963 1724 bono-

140 1770 187 1795 rum
203 1759 340 1802 colligebant.
356 1759 429 1795 Placet
445 1762 515 1796 autern
533 1759 620 1796 nomine
637 1759 728 1796 aliorum
746 1759 765 1795 S.
783 1759 889 1796 Bernardi
907 1760 963 1795 testi-

141 1831 237 1868 moninm
254 1831 291 1867 hic
310 1831 440 1873 adscribere,
459 1832 516 1867 unde
536 1831 628 1873 petenda
648 1831 675 1868 sit
694 1832 764 1869 solida
784 1832 910 1868 consolatio.
929 1831 963 1868 Sic

141 1904 206 1946 igitur
218 1904 314 1947 loquitur
327 1903 350 1939 in
365 1914 464 1940 sermone
478 1902 501 1940 69
515 1904 538 1939 in
552 1902 622 1941 Cant:
638 1903 721 1947 Quanta
735 1906 797 1946 putas
813 1915 838 1940 ex
851 1903 892 1940 hac
907 1914 963 1940 man-

141 1975 201 2012 sione
214 1976 272 2012 inter
285 1976 379 2012 animam
393 1979 412 2013 et
427 1975 515 2012 verbum
528 1975 682 2013 familiaritatis
696 1976 765 2019 gratia
779 1976 870 2019 oriatur;
885 1978 964 2019 quanta

142 2047 167 2084 de
186 2047 332 2084 familiaritate
352 2051 452 2091 sequatur
469 2047 562 2084 fidncia?
580 2047 627 2085 Non
645 2051 682 2090 est,
700 2051 724 2084 ut
741 2048 826 2091 opinor,
845 2048 903 2091 quod
923 2048 964 2083 lani

141 2120 190 2155 talis
203 2120 275 2155 anima
290 2119 362 2165 dicere
376 2122 481 2163 vereatur,
497 2120 587 2156 dilectus
602 2131 661 2156 rneus
677 2120 741 2155 mihi:
759 2130 812 2163 quae
828 2109 892 2157 exeo
907 2119 964 2163 quod

142 2203 163 2228 se
179 2191 268 2235 diligere
284 2195 303 2229 et
318 2192 455 2228 vehementer
472 2191 561 2234 diligere
576 2193 647 2234 sentit,
663 2192 728 2229 etiam
745 2192 807 2235 diligi
823 2191 964 2229 nihilominus

141 2264 280 2301 vehementer
295 2274 338 2300 non
353 2263 448 2309 ambigit,
465 2275 489 2300 ac
506 2264 531 2300 de
547 2276 584 2300 sua
600 2264 704 2307 singulari
720 2264 846 2306 intentione,
863 2264 965 2301 sollicitu-

143 2335 199 2378 dine,
212 2346 269 2379 cura,
282 2346 353 2379 opera,
367 2335 484 2380 diligentia,
497 2336 617 2380 studioque,
629 2347 671 2379 quo
682 2336 821 2379 incessanter,
834 2339 854 2372 et
865 2336 965 2373 ardenter

142 2407 240 2451 invigilat
259 2408 440 2452 quemadmodum
458 2409 543 2451 placeat
561 2408 612 2451 Deo,
630 2419 696 2452 aeque
715 2408 769 2445 haec
786 2408 859 2445 omnia
877 2409 900 2444 in
917 2407 965 2451 ipso

142 2480 292 2517 indubitanter
310 2480 407 2524 agnoscit
424 2480 542 2517 recordans
560 2480 712 2523 promissionis
732 2480 787 2517 eius:
808 2480 831 2516 in
850 2491 892 2525 qua
909 2489 965 2516 rnena

143 2563 192 2588 sura
208 2553 277 2588 mensi
291 2551 376 2589 fueritis
392 2552 516 2589 remetietur
530 2552 598 2589 robis.
614 2552 669 2596 Ergo
686 2564 712 2588 ex
728 2552 831 2595 propriis,
847 2563 901 2596 quae
918 2553 966 2588 sunt

143 2633 209 2668 penes
224 2624 291 2660 Deum
308 2623 411 2667 agnoscit,
426 2634 466 2661 nec
484 2624 567 2661 dubitat
582 2635 603 2662 se
621 2624 688 2662 amari
705 2634 759 2668 quae
776 2627 839 2661 amat,
853 2623 880 2661 Et
895 2613 963 2660 infra:

143 2695 208 2733 Vides
228 2696 336 2740 quomodo
356 2707 400 2734 non
420 2697 489 2733 solum
509 2696 535 2734 de
555 2707 627 2734 amore
648 2708 685 2734 suo
707 2699 789 2734 certum
809 2700 829 2733 te
849 2696 928 2740 reddit,
949 2694 965 2731 si
