1952 3093
378 53 500 114 ..135-

26 181 58 216 est
66 179 137 216 activa
146 178 271 222 cooperatio
280 178 308 215 ad
315 178 497 222 iustificationem,
508 178 546 216 sed
555 179 628 222 potius
637 178 718 222 passio,
728 180 760 215 est
769 187 852 214 merum

26 251 193 288 instrumentum
206 261 249 295 quo
261 250 344 288 iustitia
355 249 535 294 apprehenditur.
549 250 607 288 Haec
621 252 692 287 autem
704 249 757 287 fides
772 252 804 286 est
818 248 853 285 ab·

27 322 95 359 solute
108 325 172 368 certa,
186 325 206 359 et
218 323 311 366 proinde
323 323 388 359 homo
403 321 547 366 (imputative)
559 322 687 359 iustificatus
700 322 797 359 absolute
809 330 854 358 cer-

26 398 60 431 tus
70 397 103 431 est
113 395 139 432 de
150 405 188 431 sua
198 393 361 440 iustificatione;
371 394 424 431 hinc
434 394 491 430 nihil
501 394 671 438 incertitudinis,
683 394 744 431 dubii
756 393 782 430 de
793 392 854 430 insti-

28 467 59 504 tia
67 467 179 510 imputata.
188 466 245 504 Haec
255 466 374 503 secundum
384 467 443 509 ipsos
454 469 485 503 est
495 476 546 503 vera
557 466 657 503 doctrina
666 467 693 503 de
701 465 856 503 iustificatione

27 537 142 582 perfidem
155 538 245 575 solam1.
458 520 460 525 Ι
531 525 533 527 ‚

81 609 161 648 Contra
176 610 216 647 hos
234 620 319 648 errores
336 609 454 647 concilium
471 609 614 647 tridentinum
631 620 705 646 veram
723 610 854 647 catholicam

28 682 150 719 doctrinam
166 683 286 726 proposuit,
303 682 422 719 secundum
437 692 502 726 quam
517 682 581 719 homo
599 681 684 719 adultus
700 682 723 718 in
739 693 777 718 sua
793 681 854 718 iusti-

27 753 128 791 ficatione
142 763 186 791 non
201 764 260 790 mere
274 754 360 797 passive
376 765 398 790 se
414 753 485 799 habet,
501 754 539 790 sed
554 764 593 797 per
610 758 669 791 actus
684 754 789 790 virtutum
805 764 854 790 eum

29 826 111 863 auxilio
123 826 204 869 gratiae
217 837 239 862 se
250 836 381 869 praeparare
394 825 463 863 debet.
477 825 515 863 His
527 829 597 863 autem
610 825 694 863 actibus
705 836 749 863 non
761 827 856 863 meretur

31 897 211 941 iustificationem,
225 897 264 935 sed
274 898 304 935 ad
317 908 363 935 eam
377 908 424 936 sese
437 897 541 942 disponit,
555 897 586 934 ita
598 900 622 935 ut
634 897 718 934 iustitia
731 898 856 935 conferatur

31 970 96 1006 etiam
108 970 229 1006 secundum
245 980 368 1006 mensuram
382 969 447 1006 huius
463 969 620 1013 dispositionis.
635 970 740 1007 Doctrina
755 969 781 1007 de
796 970 857 1006 iusti-

29 1040 131 1078 ficatione
144 1052 184 1085 per
199 1040 264 1078 fidem
277 1041 401 1079 fiducialem
417 1041 513 1085 reicitur,
529 1045 550 1078 et
565 1052 620 1086 quae
636 1052 685 1078 cum
702 1041 739 1078 illa
755 1042 856 1078 cohaeret

32 1113 132 1150 doctrina
148 1113 174 1150 de
188 1113 249 1150 inani
263 1112 344 1150 fiducia
358 1113 524 1150 haereticorum.

85 1185 163 1222 Tribus
179 1185 276 1222 thesibus
291 1184 430 1230 sequentihus
447 1195 532 1229 agemus
548 1185 567 1227 1)
586 1186 612 1223 de
629 1185 773 1229 dispositione
789 1185 857 1222 adulti

32 1256 60 1293 ad
70 1256 255 1301 iustificationem;
268 1256 288 1300 2)
302 1257 328 1295 de
340 1257 467 1295 necessitate
478 1258 560 1301 gratiae
573 1258 600 1294 ad
610 1258 667 1294 hanc
680 1257 856 1302 dispositionem

32 1327 52 1368 3)
64 1328 90 1365 de
102 1328 306 1372 supernaturalitate
317 1332 403 1366 actuum
415 1329 583 1372 disponentium.

32 1558 107 1595 Ttlfisls
119 1559 143 1595 6:
158 1560 257 1601 Quamvis
270 1562 324 1596 nibil
336 1570 415 1600 eorum,
429 1569 482 1602 quae
491 1560 662 1594 testificationem
672 1560 861 1600 antecedentem

80 1623 192 1660 mereatur,
202 1622 265 1656 homo
277 1625 347 1657 temen
360 1622 444 1655 adultus
457 1622 485 1655 ad
496 1630 543 1654 eam
553 1621 664 1661 disponere
676 1630 700 1655 se
712 1620 773 1654 debet
780 1621 861 1654 actibus

80 1680 164 1714 rideret
179 1682 270 1716 aliarum
288 1684 403 1721 virtutum
417 1681 511 1715 doctrina
523 1682 594 1714 autem
607 1681 633 1714 de
649 1681 692 1714 tide
707 1680 803 1714 fiduciati
820 1681 861 1714 rei-

70 1740 155 1774 ·cr'enda
168 1744 205 1775 est.

64 1851 66 1854 Α
87 1870 170 1914 Thesis,
186 1874 209 1907 ut
224 1874 289 1914 patet,
305 1874 348 1908 tres
365 1871 430 1908 babet
445 1874 528 1914 partes:
547 1871 565 1913 1)
583 1871 707 1908 iustificatio
723 1873 754 1907 est
770 1870 859 1907 omnino

34 1942 133 1986 gratuita,
148 1952 231 1979 nonen
246 1943 333 1988 merit0;
348 1942 368 1986 2)
383 1943 448 1980 homo
464 1954 486 1980 se
502 1943 565 1980 debet
579 1953 716 1986 praeparare,
733 1942 859 1986 disponere;

34 2014 54 2055 3)
65 2014 156 2051 reicitur
165 2014 219 2051 fides
228 2014 342 2052 fiducialis.

87 2086 227 2123 Meritum
251 2097 315 2124 sensu
331 2086 437 2124 latissimo
454 2086 549 2124 describi
566 2089 646 2130 potest:
666 2097 720 2130 opus
737 2086 860 2124 retributio-

35 2168 62 2195 ne
78 2157 173 2201 dignum.
188 2157 227 2195 Est
242 2168 292 2202 ergo
308 2169 362 2202 opus
377 2159 436 2203 quod
452 2158 596 2196 essentialiter
609 2159 700 2202 respicit
716 2159 813 2199 alterum.
830 2170 861 2196 re-

35 2229 172 2267 tribuentem.
187 2230 309 2268 Retrihutio
324 2231 347 2267 in
364 2241 390 2268 eo
405 2233 442 2274 est,
459 2234 482 2268 ut
497 2242 536 2275 pro
552 2242 584 2274 eo,
600 2230 659 2275 quod
675 2231 723 2276 quis
740 2241 806 2275 opere
822 2242 861 2268 suo

36 2301 102 2338 alicui
114 2301 197 2346 tribuit,
210 2302 293 2346 aliquid
307 2304 480 2347 correspondens
494 2303 537 2346 ipsi
550 2302 664 2340 tribuatur.
676 2303 704 2341 Ut
716 2313 766 2346 ergo
780 2303 806 2340 de
820 2314 862 2340 me-

37 2373 79 2411 rito
91 2384 161 2411 sermo
174 2384 220 2411 esse
232 2374 308 2418 possit,
321 2385 375 2418 opus
388 2374 451 2412 debet
463 2386 509 2412 esse
521 2374 544 2410 in
556 2377 662 2418 potestate
673 2376 785 2419 operantis
799 2375 862 2418 (opus

37 2455 86 2482 cum
102 2445 237 2483 advertentia
251 2446 349 2490 rationis,
365 2446 433 2484 libere
448 2446 558 2490 positum),
574 2449 594 2484 et
611 2446 674 2484 debet
691 2447 768 2484 cedere
782 2447 806 2484 in
823 2447 863 2484 uti·

84 2600 93 2620 1
107 2596 136 2628 cf,
149 2606 210 2634 supra
222 2603 265 2634 pag.
280 2596 302 2629 39
317 2606 348 2635 ss,
362 2597 384 2629 45
398 2606 433 2634 ss.;
448 2597 475 2629 De
488 2596 596 2630 virtutibus
610 2596 727 2636 theologicis
741 2607 770 2630 nr.
785 2598 813 2629 14.
827 2598 862 2630 Po-

37 2658 79 2689 stea
93 2657 232 2689 blelanehthou
248 2660 267 2689 et
283 2657 318 2690 alii
334 2657 415 2696 quidam
430 2657 588 2696 cooperationem
605 2658 694 2697 aliquam
711 2659 814 2691 admittere
829 2669 862 2691 vo-

37 2717 110 2755 lebant,
126 2717 159 2748 sed
177 2726 244 2749 eorum
261 2718 360 2750 sententia
375 2727 414 2750 non
433 2720 462 2750 est
478 2720 560 2756 recepta.

97 2884 157 2940 tlh»

62 2943 94 2970 Ψ,
100 2942 101 2945 ,
