1952 3093
413 49 521 86 *99*

58 170 108 210 star,
123 166 263 204 invisibiliter
277 166 417 211 imprimitur,
434 178 473 210 per
489 168 522 204 sui
538 167 756 206 communicationem
774 171 794 206 et
809 168 885 205 simili-

55 238 153 275 tudinem
167 242 266 276 naturam
281 240 310 276 ad
323 240 452 283 exemplaris
466 240 652 283 pulchritudinem
667 242 790 286 repingens,
806 244 827 278 et
841 241 881 278 Dei

58 311 174 354 imaginem
188 312 272 349 homini
287 312 402 349 restituens
412 325 421 347 »
431 316 448 337 t
470 326 481 348 «
490 312 603 349 Formatnr
618 314 639 349 in
655 314 718 350 nobis
733 314 838 358 Christus
854 315 885 350 in-

26 436 28 438 >
59 384 141 421 ferente
156 384 219 421 nobis
234 385 317 429 Spiritu
331 384 410 422 Sancto
425 385 522 422 divinam
537 386 631 430 aliquam
645 386 737 423 formam
752 397 792 430 per
807 387 885 423 sancti-

58 457 181 494 ficationem
192 461 213 495 et
224 457 334 495 iustitiam.
346 458 378 495 Ita
392 458 456 500 enim,
468 458 497 494 ita
510 459 533 494 in
547 458 660 495 animabus
674 460 753 496 nostris
765 460 822 497 lucet
836 459 885 496 chn-

59 532 130 565 racter
146 520 278 567 substantiae
293 530 333 567 Dei
351 534 371 566 et
387 530 463 574 Patris,
481 531 612 567 reformante
631 542 675 574 nos,
694 535 716 568 ut
734 532 786 575 dixi,
803 532 885 575 Spiritu

59 601 136 638 Sancto
149 612 187 644 per
199 602 392 639 sanctificationem
404 603 426 638 in
439 602 510 645 ipsum
520 615 530 638 »
539 606 563 640 ⁶⁶.

412 782 523 819 Turonoor
537 764 561 832 x,

111 901 149 939 Uti
160 902 202 938 iam
213 901 294 938 dictum
306 906 337 938 est
347 902 441 945 theologi
452 902 474 937 in
485 902 526 938 hac
538 913 560 939 re
570 902 660 938 omnino
671 902 804 939 conveniunt
814 903 885 946 quoad

61 974 150 1018 lactum;
164 974 275 1016 disputant
287 975 313 1010 de
326 973 485 1017 qualificatione
498 974 571 1017 thesis
584 975 618 1011 vel
631 974 695 1011 etiam
709 975 735 1011 de
746 974 774 1011 iis
784 985 839 1018 quae
851 975 886 1011 ab·

61 1046 128 1083 solute
139 1046 186 1082 fieri
198 1049 293 1089 possent.
305 1046 325 1083 S,
337 1046 430 1082 Thomas
444 1057 488 1083 rem
501 1046 590 1089 exponit
604 1048 621 1090 1,
635 1047 646 1083 2
658 1058 679 1091 q.
692 1047 730 1084 110
743 1058 761 1083 a.
776 1048 785 1083 1
802 1047 885 1088 (Utrum

60 1118 129 1161 gratia
144 1121 210 1162 ponat
224 1118 306 1163 aliquid
321 1119 342 1155 iu
357 1119 444 1161 animal,
460 1122 480 1155 et
496 1131 513 1157 a.
529 1118 540 1154 2
559 1118 643 1160 (Utrum
659 1120 727 1162 gratia
743 1119 770 1156 sit
785 1119 885 1163 qualitas)

58 1193 78 1227 ct
92 1190 119 1227 ad
132 1193 246 1234 utrumque
261 1190 387 1227 affirmative
400 1191 523 1233 respondet.

115 1263 136 1300 Si
149 1263 259 1307 quaeritur
271 1267 342 1300 utrum
355 1264 396 1299 hoc
408 1274 445 1299 eus
459 1266 554 1300 creatum
565 1264 656 1307 physice
668 1273 805 1307 permanens,
817 1264 886 1307 gratia

62 1334 205 1380 sanctificans,
218 1335 304 1373 realiter
317 1336 344 1373 sit
357 1327 459 1372 distincta
472 1336 498 1373 ab
512 1336 590 1379 anima,
601 1336 778 1379 respondendum
790 1339 821 1373 est
832 1336 887 1372 affir—

62 1408 150 1452 mative;
166 1412 186 1445 et
201 1408 229 1444 ita
246 1409 307 1451 quasi
323 1418 397 1445 omnes
412 1408 513 1451 theologi,
529 1408 667 1451 paucissimis
684 1409 812 1452 exceptise.
827 1408 887 1445 Licet

63 1481 117 1517 torte
130 1481 276 1517 necessarium
288 1491 331 1517 non
344 1481 372 1517 sit
385 1480 496 1524 affirmare,
508 1491 594 1518 omnem
607 1481 687 1518 realem
700 1480 841 1518 mutationem
854 1492 887 1518 ac-

62 1552 191 1589 cidentalem
203 1552 294 1589 alicuius
307 1552 438 1589 substantiae
450 1552 536 1595 exigere
549 1552 651 1589 accidens
665 1553 752 1589 realiter
765 1563 776 1589 a
790 1553 887 1589 substan-

62 1627 91 1661 tia
106 1625 232 1662 distinctum
240 1628 264 1668 ⁶8,
277 1628 370 1661 attamen
384 1625 426 1662 hoc
440 1624 514 1668 negari
528 1623 609 1669 nequit,
623 1625 641 1661 si
655 1624 719 1662 realis
734 1624 823 1662 mutatio
838 1625 887 1662 talis

63 1701 100 1740 est,
116 1708 169 1742 quae
186 1708 258 1734 secum
275 1698 329 1734 ferat
344 1707 422 1734 novam
438 1698 542 1734 maiorem
557 1696 721 1739 perfectionem.
736 1697 761 1733 In
777 1697 886 1740 praesenti

63 1772 133 1806 antem
147 1780 180 1805 res
194 1779 237 1806 non
252 1769 281 1806 ita
295 1771 333 1812 est,
345 1780 370 1806 ac
383 1770 401 1806 si
413 1770 488 1805 eadem
502 1768 608 1811 perfectio
622 1772 685 1805 autea
698 1769 804 1805 exsistens
818 1769 887 1805 solum

64 1842 106 1879 alio
116 1842 180 1879 modo
192 1853 214 1879 se
224 1842 308 1885 habeat,
318 1841 356 1879 sed
366 1852 416 1878 vere
427 1851 489 1885 nova,
499 1841 568 1878 maior
577 1840 683 1884 perfectio
695 1840 786 1883 accedit,
795 1840 818 1877 id
830 1841 887 1884 quod

63 1918 187 1957 argumenta
201 1914 295 1957 positiva
309 1913 418 1951 evincunt,
431 1912 487 1956 Ergo
502 1913 591 1950 omnino
607 1912 699 1950 dicenda
714 1916 746 1949 est
759 1913 828 1956 gratia
841 1923 888 1949 san—

64 1984 161 2022 ctificans
171 1986 258 2022 realiter
270 1985 373 2022 distincta
385 1985 411 2022 ab
424 1985 502 2021 anima.
515 1984 619 2028 Opposita
631 1985 737 2021 sententia
748 1985 799 2021 inde
813 1985 888 2021 fortas-

64 2069 85 2095 se
101 2058 230 2102 explicanda
247 2061 284 2102 est,
300 2058 358 2102 quod
375 2057 477 2095 accidens
493 2056 590 2100 concipit
607 2056 634 2094 ad
650 2056 739 2093 modum
756 2055 888 2093 substantiae

63 2131 211 2175 tenuissimae
225 2130 263 2167 sed
276 2134 333 2167 recte
348 2141 364 2167 s.
377 2130 482 2167 Thomas:
500 2143 510 2164 «
519 2129 578 2166 Sicut
588 2128 646 2186 ¹dicit
659 2129 753 2172 Boetius,
769 2129 888 2165 accidentis

64 2213 109 2239 esse
124 2205 155 2239 est
168 2203 247 2246 inesse;
263 2203 320 2239 unde
335 2212 398 2238 omne
413 2201 514 2238 accidens
529 2211 572 2238 non
588 2201 668 2237 dicitur
682 2211 726 2243 ens,
740 2201 802 2245 quasi
817 2201 888 2244 ipsum

65 2286 110 2312 esse
122 2274 206 2319 habeat,
218 2275 255 2313 sed
268 2275 318 2319 quia
331 2286 356 2311 eo
368 2273 451 2318 aliquid
463 2276 503 2318 est;
517 2273 574 2311 unde
587 2276 607 2310 et
619 2272 687 2317 magis
701 2271 783 2310 dicitur
794 2282 841 2309 esse
854 2282 889 2309 en-

63 2364 206 2373 Ἣ

110 2410 127 2432 ⁶⁵
140 2407 196 2439 Thes.
209 2407 231 2438 de
243 2409 310 2439 sancta
322 2410 340 2440 et
350 2409 449 2441 consubst.
460 2408 513 2441 Trin.
525 2409 556 2448 34;
568 2409 603 2442 ΜΓ]
615 2409 642 2445 75.
653 2410 696 2447 toln
709 2410 724 2442 R
735 2410 787 2443 2080.

111 2472 128 2494 66
142 2469 164 2501 In
178 2468 251 2502 Isaiam
265 2478 313 2502 com.
328 2469 344 2509 4,
358 2468 378 2508 23
394 2469 428 2503 ΜΕ
443 2468 470 2509 70,
483 2469 527 2508 9363
542 2469 558 2503 R
571 2469 622 2503 2099.

111 2533 128 2555 6?
142 2529 203 2563 Citari
221 2530 285 2563 solent
301 2530 385 2564 Ioannes
401 2530 517 2564 Vincentius
536 2531 595 2569 (saec
611 2531 640 2569 16)
657 2535 676 2565 et
694 2531 793 2565 Palmieri
810 2532 837 2565 De
853 2532 889 2565 hac

64 2590 179 2628 quaestione
192 2590 216 2623 cf.
229 2591 295 2629 Pesch,
308 2591 370 2624 Praei.
383 2591 449 2624 Theol.
463 2593 479 2630 5,
492 2602 520 2624 nr.
532 2591 567 2637 314
580 2602 615 2630 sse
628 2592 706 2631 Beraza,
719 2602 748 2625 ur.
764 2593 796 2626 745
811 2603 841 2629 ss..
855 2595 888 2632 qut

65 2650 141 2682 textum
154 2659 177 2682 ex
190 2660 247 2689 opere
259 2660 298 2683 non
312 2651 413 2690 publicato
428 2651 447 2684 P.
460 2652 559 2690 Palmieri,
571 2652 598 2684 De
612 2653 675 2690 gratia
689 2652 788 2685 habituali
803 2653 865 2685 affert.

113 2714 130 2737 ⁸8
143 2710 172 2744 Cf.
187 2711 209 2744 dc
223 2711 259 2744 hac
273 2721 298 2750 re,
313 2721 363 2751 quae
377 2712 397 2744 in
410 2711 537 2750 philosophia
552 2711 649 2745 dicuntur.
