1952 3093
454 60 482 66 ..
496 37 562 74 72:-

98 162 177 203 gnante
190 160 213 196 fit
227 161 307 203 volens,
322 163 342 197 et
354 161 447 198 volendo
462 161 591 205 cumgratia
606 160 689 205 aliquid
703 161 755 198 lacit
764 164 806 197 »³⁶.
822 160 872 205 Cap.
887 161 923 198 te:

100 232 256 276 «Quapropter
273 232 404 276 Augustinus
421 244 446 270 ae
465 234 567 277 discipuli
586 234 638 277 eius,
655 245 699 271 non
718 234 745 271 ad
763 233 815 271 istas
833 244 926 278 quorun-

101 305 149 342 dam
169 306 314 343 recentiorum
337 306 363 343 de
384 306 453 343 libera
474 307 583 344 voluntate
604 306 758 350 conceptiones
778 308 926 350 respexerunt,

99 378 186 423 quando
200 379 291 422 gratiam
306 390 354 416 cum
368 380 437 417 libero
453 380 543 417 arbitrio
558 380 696 417 conciliando
711 379 787 417 dicunt
800 390 846 417 eam
861 379 927 417 idcir-

101 462 126 488 eo
141 462 185 489 non
201 452 275 489 tollere
290 451 382 489 liberum
399 453 519 496 arbitrium,
535 452 585 496 quia
600 452 652 489 iacit
667 456 690 489 ut
705 452 798 489 liberum
813 452 926 489 arbitrium

101 535 144 561 non
157 525 226 561 instar
237 524 318 568 lapidis
331 525 424 562 otiosum
438 526 466 562 sit
479 529 499 563 et
513 525 568 562 nihii
580 528 633 569 agat,
647 536 688 562 nec
699 529 722 562 ut
734 524 826 562 invitum
839 528 928 569 cogatur

101 597 128 634 ad
138 597 225 641 bonum,
237 597 274 634 sed
284 600 307 634 ut
318 597 382 635 etiam
392 598 463 641 ipsum
474 599 526 635 velit
537 601 556 635 et
566 600 619 641 agat.
630 598 708 634 Verum
719 597 859 634 intuebantur
869 597 927 634 istud

101 669 235 713 principium
246 670 304 714 quod
314 670 445 714 Augustinus
456 671 566 715 explicuit,
577 671 729 714 inculcautque
740 669 925 714 frequentissime:

101 742 193 780 liberum
208 743 250 780 hoc
264 754 316 787 esse,
332 744 390 788 qnod
406 748 437 780 est
452 744 474 780 in
490 746 564 780 nostra
577 745 692 786 potestate:
710 743 752 780 hoc
767 745 838 780 autem
853 742 875 779 in
891 753 928 780 no-

102 818 146 852 stra
156 826 202 852 esse
213 818 325 859 potestate,
337 817 395 860 quod
405 816 427 852 fit
439 816 525 860 quando
537 817 641 858 volumus
654 826 690 852 seu
702 818 725 852 ut
735 815 788 852 alibi
800 815 928 859 dicitquod

103 888 187 932 aliquis,
202 888 220 925 si
235 889 280 925 vult
294 888 353 932 facit,
369 889 385 924 si
401 900 443 925 non
459 889 510 931 vult,
524 899 567 926 non
582 888 641 925 tacit.
657 888 702 924 Hac
717 891 787 925 autem
803 887 928 925 definitione

103 972 166 1004 quam
180 960 311 1004 Augustinus
327 961 385 998 velut
399 960 517 998 immobilis
532 972 557 997 ae
572 959 704 997 certissimae
721 959 818 998 veritatis
834 960 928 1003 regulam

104 1036 167 1076 tenet,
185 1036 204 1070 et
222 1044 296 1070 omnes
314 1033 415 1076 discipuli
434 1034 479 1070 eius
497 1036 618 1075 tennerunt,
635 1032 705 1069 omnis
723 1032 812 1069 omnino
830 1032 929 1069 voluntas

104 1117 140 1143 seu
157 1105 233 1143 volitio
250 1105 370 1150 rationalis,
386 1106 454 1142 libera
473 1109 510 1148 est,
527 1105 577 1149 quia
594 1105 776 1148 quemadmodum
794 1103 929 1148 impossibile

104 1181 171 1215 estut
185 1188 228 1215 non
241 1177 278 1214 fiat
291 1178 378 1222 qnando
391 1178 496 1220 volumus,
510 1180 530 1214 et
542 1177 577 1214 fiat
591 1177 677 1221 quando
691 1177 797 1220 nolumus,
812 1176 842 1213 ita
856 1187 930 1214 eonse-

104 1253 195 1295 qnenter
206 1250 342 1294 impossibile
357 1253 394 1294 est,
408 1248 487 1287 utnon
502 1250 529 1286 sit
543 1250 565 1285 in
580 1251 653 1286 nostra
667 1251 779 1293 potestate,
793 1251 813 1285 et
826 1248 868 1285 hoc
881 1248 930 1292 ipso

104 1323 225 1361 liheraassl.

158 1395 234 1433 Statim
244 1398 294 1439 post
306 1395 424 1432 editionem
435 1395 486 1432 libri
500 1394 668 1438 «Augustinus»
682 1393 842 1431 controversiae
856 1393 881 1430 de
895 1393 931 1430 do-

105 1468 175 1505 ctrina
185 1468 207 1504 in
220 1479 244 1505 eo
257 1470 358 1505 contenta
369 1470 493 1510 coeperunt,
505 1478 559 1510 quae
570 1467 719 1510 perduxerunt
730 1466 758 1503 ad
770 1465 931 1503 damnationem

106 1540 117 1577 5
132 1540 308 1584 propositionum
328 1539 476 1581 [Innocentius
491 1539 513 1576 11.
532 1538 689 1576 Constitutione
706 1537 778 1576 «Cum
796 1538 911 1575 occasione
920 1550 930 1573 »

107 1613 130 1649 31
145 1612 186 1649 Mai
201 1612 262 1656 1653;
277 1613 336 1649 Denz
351 1612 402 1649 1092
417 1611 459 1653 ss).

155 1685 219 1728 Prop.
232 1685 254 1721 1:
272 1684 367 1728 «Aliqua
381 1684 421 1720 Dei
433 1686 549 1726 praecepta
562 1683 687 1721 hominibus
700 1683 762 1719 iustis
776 1682 898 1720 volentibus
912 1686 932 1719 et

107 1757 241 1800 conantibus,
256 1756 375 1793 secundum
387 1758 518 1799 praesentes,
532 1766 584 1799 quas
598 1755 679 1792 hahent
692 1755 756 1798 vires,
771 1757 820 1792 sunt
833 1755 932 1798 impossi-

106 1829 170 1866 bilia:
188 1829 247 1866 deest
260 1840 345 1873 quoque
360 1828 403 1865 illis
418 1828 493 1871 gratia,
508 1839 549 1872 qua
563 1827 677 1871 possibilia
691 1827 769 1864 fianta.
784 1827 897 1864 Declarata
913 1829 933 1863 et

108 1902 208 1938 damnata
223 1901 255 1938 uti
272 1901 393 1943 temeraria,
410 1900 483 1943 impia,
501 1900 633 1943 blasphema,
650 1899 785 1936 anathemate
804 1899 932 1941 damnanda,

108 1977 127 2010 et
140 1974 256 2011 haeretica.

162 2046 240 2084 Sensus
256 2050 297 2084 est:
314 2047 386 2084 Potest
401 2048 469 2084 iustus
485 2048 507 2082 111
523 2048 601 2084 talibus
616 2048 778 2086 conditionibus
794 2035 933 2093 inuenirim

108 2119 186 2162 quibus
202 2122 342 2162 praeceptum
358 2120 445 2163 aliquod
462 2120 501 2156 Dei
519 2119 609 2163 implere
625 2131 669 2157 non
686 2123 767 2164 potest:
787 2121 844 2158 vires
860 2123 934 2159 volun-

109 2191 158 2227 tatis
169 2195 218 2234 post
229 2194 343 2234 peccatum
355 2190 475 2228 infirmatae
488 2194 543 2237 sunt,
556 2203 625 2236 neque
637 2193 697 2230 adest
709 2193 822 2230 delectatio
836 2194 934 2231 caelestis

109 2263 194 2306 victrix,
208 2275 249 2307 qua
265 2264 364 2307 opposita
379 2264 487 2306 cupiditas
503 2267 621 2308 superetur,
638 2265 696 2302 deest
710 2265 785 2310 gratia,
802 2266 860 2302 deest
876 2266 935 2303 adiu-

111 2336 188 2372 torium
203 2347 252 2380 quo.
267 2336 328 2379 Quod
344 2336 362 2372 si
377 2336 510 2372 lansenistae
525 2340 638 2379 opponunt
652 2338 709 2374 hanc
723 2338 873 2381 impotentiam
889 2349 934 2375 esse

110 2419 135 2444 es
151 2408 236 2445 deiectu
248 2408 371 2452 uoluntatis,
385 2412 458 2451 posset
473 2408 530 2444 enim
545 2409 643 2446 voluntas
659 2410 676 2446 si
691 2410 761 2454 vellet,
775 2410 797 2446 in
813 2420 887 2447 eorum
902 2422 935 2454 sy-

158 2592 175 2613 30
189 2588 229 2621 Col.
245 2589 284 2621 833,

158 2652 175 2674 ³7
189 2648 229 2682 Col.
242 2649 282 2682 867.
296 2649 337 2682 Lih.
352 2650 362 2682 9
378 2649 446 2681 deinde
461 2649 500 2687 agit
516 2650 537 2681 de
551 2650 736 2689 praedestinatione,
750 2653 769 2683 et
783 2650 817 2682 1111.
833 2650 854 2682 111
871 2651 893 2682 de
908 2661 936 2682 re-

110 2709 232 2748 probatione.
