1952 3093
432 111 554 149 -217-

80 246 115 272 nez
132 235 153 276 11.
168 235 185 277 1,
199 245 217 270 e.
231 233 263 277 24,
277 244 298 270 n.
312 233 336 270 24
352 233 403 277 sq),-
412 234 450 270 sed
463 236 496 270 est
510 243 645 277 consequens
659 233 686 269 ad
701 233 809 270 detectum
823 233 907 270 fortitu-

82 306 139 343 dinis
153 306 261 342 humanae
275 310 311 342 seu
326 305 407 342 amoris
420 305 473 342 honi
487 305 579 354 honesti,
593 309 645 342 nota
660 309 730 341 autem
746 308 777 343 est
792 315 832 348 per
846 315 908 348 prae-

80 377 187 414 visionem
205 380 225 413 et
240 377 394 413 revelationem
411 376 460 420 Dei;
477 376 588 419 praevisio
605 377 663 412 enim
679 376 719 412 Dei
737 387 781 413 non
799 377 853 412 tacit
869 376 908 412 im-

80 449 206 495 potentiam,
221 449 259 486 sed
273 448 424 486 manifestat».

133 522 158 558 In
174 522 320 565 explicatione
336 522 385 558 data
399 525 471 559 manet
486 522 576 558 libertas
591 521 693 559 hominis.
707 521 762 558 Nam
778 521 908 565 impotentia

80 596 103 631 in
116 597 220 638 quantum
233 597 265 631 est
278 582 414 636 antecedens,
428 604 472 631 nou
487 597 519 631 est
530 594 634 637 absoluta,
648 597 668 630 et
680 593 784 638 relinquit
797 593 908 637 possibili-

81 669 146 702 tatem
161 669 221 702 actus
236 666 342 709 oppositi3
359 665 456 701 absoluta
472 669 542 701 autem
557 665 692 708 impotentia,
707 676 748 708 qua
765 668 824 701 actus
841 676 908 708 oppo-

81 738 135 774 situs
148 736 246 773 absolute
259 737 390 779 excluditur,
406 740 438 773 est
453 746 589 780 consequens
602 736 694 772 liberam
708 736 816 773 infirmam
832 736 908 773 volun-

81 812 146 847 tatem
158 809 264 854 110101015;
278 809 395 846 necessitas
408 818 458 853 ergo
473 808 629 846 succumbendi
642 808 757 846 tentationi
770 809 794 845 in
808 808 867 845 nullo
881 807 908 845 si-

81 892 123 926 gno
140 882 280 919 antecedente
297 893 360 919 usum
376 882 441 918 liheri
458 882 543 918 arbitrii
562 885 594 918 est
611 882 715 925 absoluta,
733 884 754 919 et
771 882 801 918 ita
818 881 907 919 libertas

80 953 177 991 hominis
190 964 234 991 non
247 954 336 990 tollitur.

161 1025 181 1067 3.)
197 1024 262 1068 Quale
280 1025 384 1061 auxilium
401 1024 532 1068 requiritur?
550 1025 650 1068 Sequitur
666 1036 692 1061 ex
709 1028 786 1061 natura
801 1026 907 1068 impoten-

81 1096 129 1140 tiae,
143 1106 206 1140 quam
220 1096 324 1133 auxilium
338 1096 401 1133 dehet
414 1106 496 1133 sanare.
509 1096 596 1132 Moralis
609 1096 646 1132 illa
658 1095 773 1133 infirmitas
786 1096 809 1132 in
823 1107 847 1132 eo
861 1096 908 1132 iun-

82 1170 150 1213 datur‚
163 1169 221 1213 quod
235 1169 357 1206 intellectus
371 1168 481 1205 difficilius
494 1172 610 1212 cognoscat
625 1169 747 1212 spiritualia
761 1171 781 1205 et
793 1168 861 1213 magis
876 1168 907 1205 in-

81 1241 174 1278 clinetur
191 1242 218 1278 ad
237 1241 358 1284 sensibilia3
377 1241 497 1278 remedium
517 1241 641 1285 oppositum
660 1251 712 1285 ergo
730 1244 763 1278 est
781 1241 868 1278 facilior
887 1244 907 1278 et

82 1312 161 1349 clarior
177 1313 272 1356 cognitio
288 1313 340 1349 honi
357 1313 477 1356 spiritualis
494 1317 514 1349 et
531 1313 601 1350 maior
617 1314 732 1350 inclinatio
749 1313 866 1350 voluntatis
884 1313 907 1349 in

81 1384 141 1421 illud.
155 1384 177 1420 Si
188 1384 253 1421 homo
265 1385 287 1420 10
301 1384 419 1421 tentatione
433 1385 533 1427 fatigatus
544 1385 589 1420 iam
602 1385 625 1420 in
638 1396 662 1421 eo
677 1388 714 1426 est,
727 1388 750 1420 ut
763 1395 808 1421 000
820 1385 864 1420 1010
877 1385 907 1420 110

81 1455 139 1499 velit,
150 1458 173 1492 01
186 1455 261 1500 possit,
274 1460 295 1493 et
308 1456 331 1491 in
345 1455 382 1493 tali
396 1455 523 1493 conditione
537 1456 583 1494 eius
597 1456 688 1492 attentio
700 1467 740 1499 per
752 1456 869 1499 specialem
883 1456 908 1491 il-

81 1527 245 1565 luminationem
261 1528 383 1565 intellectus
400 1528 427 1565 ad
444 1528 604 1565 consideranda
620 1529 677 1565 11000
694 1529 817 1572 spiritualia
834 1528 908 1572 dirigi-

81 1604 121 1644 tur,
136 1601 190 1637 etin
202 1601 311 1637 voluntate
325 1601 395 1638 maior
407 1601 522 1638 inclinatio
533 1588 562 1638 ad
575 1601 617 1638 tale
629 1601 710 1639 honum
724 1601 800 1645 011101,
814 1601 857 1638 1010
871 1601 908 1638 ha-

81 1672 143 1708 betur
157 1672 277 1709 remedium
292 1676 366 1709 contra
381 1672 441 1709 illam
454 1672 608 1709 infirmitatem.
623 1672 680 1716 Ergo
694 1673 798 1709 auxilium
814 1677 846 1709 est
860 1673 908 1709 illu-

81 1743 172 1779 minatio
186 1744 308 1780 intellectus
323 1747 344 1781 et
358 1743 473 1786 inspiratio
490 1744 607 1780 voluntatis
615 1747 648 1779 22⁶.

161 1821 181 1863 11
197 1820 242 1865 Qua
255 1821 339 1858 ratione
352 1820 394 1858 1100
407 1820 511 1858 auxilium
524 1824 555 1858 est
568 1821 698 1864 gratuitum?
711 1820 735 1857 ln
748 1820 788 1857 hae
801 1820 908 1865 quaestio-

81 1904 108 1930 ne
125 1894 255 1937 supponitur
271 1905 316 1932 esse
334 1894 359 1931 de
376 1894 433 1931 facto
450 1894 504 1932 illud
520 1893 624 1931 auxilium
640 1894 762 1937 gratuitum,
778 1893 907 1936 indebitum,

82 1976 127 2002 esse
139 1977 212 2002 veram
224 1966 315 2009 gratiam
329 1966 416 2008 Christi,
429 1967 452 2003 id
465 1967 523 2010 quod
535 1967 628 2010 positive
639 1966 750 2009 probatur.
763 1966 811 2002 Non
825 1969 858 2002 est
868 1976 909 2009 per

82 2047 103 2073 se
119 2037 272 2080 necessarium,
286 2041 309 2073 ut
323 2038 377 2074 illud
392 2038 503 2079 auxilium,
518 2038 688 2075 illuminationes
704 2037 827 2074 intellectus
841 2040 862 2074 et
876 2038 908 2073 in-

81 2108 211 2149 spirationes
223 2096 346 2151 voluntatis
360 2109 387 2145 sit
400 2109 511 2146 entitative
523 2110 693 2152 supernaturale.
706 2109 782 2152 Agitur
793 2108 851 2145 enim
863 2119 907 2145 non

81 2179 107 2218 de
118 2180 201 2218 actibus
211 2181 347 2224 salutaribus,
359 2182 385 2218 de
396 2182 514 2219 tentatione
526 2181 648 2225 superanda
660 2181 789 2224 salutariter,
800 2180 838 2218 sed
849 2191 907 2218 mere

81 2252 177 2298 honeste,
190 2257 210 2298 et
222 2254 270 2297 ipsa
282 2253 397 2291 infirmitas
410 2254 506 2291 hominis
519 2254 592 2291 sanari
606 2257 677 2297 potest
690 2264 766 2297 perse
779 2254 801 2290 in
817 2253 908 2297 singulis

81 2325 165 2362 actibus
177 2337 217 2369 per
227 2326 331 2362 auxilium
343 2326 455 2363 entitative
468 2327 575 2370 0010101ος
589 2336 639 2369 ergo
652 2337 677 2362 ex
690 2326 736 2362 eius
750 2326 862 2363 entitative
875 2337 907 2361 su-

129 2473 156 2494 236
169 2469 235 2502 Potest
247 2470 299 2502 Deus
313 2470 438 2507 providentia
452 2479 487 2502 sua
500 2470 562 2502 vitam
576 2468 660 2502 alicuius
674 2469 762 2502 hominis
776 2470 805 2501 ita
819 2469 908 2507 dirigere,

81 2532 102 2561 ut
115 2540 155 2563 non
167 2531 258 2563 oriantur
270 2531 390 2563 tentationes
403 2530 459 2568 tales,
473 2530 545 2570 quibus
558 2529 617 2562 homo
631 2529 673 2562 sine
685 2530 749 2569 gratia
763 2529 906 2567 succumberet;

81 2589 127 2622 haec
140 2591 265 2630 providentia
279 2592 320 2624 sine
335 2591 394 2623 dubio
408 2594 458 2623 esset
472 2591 546 2622 donum
558 2590 675 2630 indebitum,
689 2591 722 2623 sed
735 2601 775 2623 000
788 2594 855 2629 posset
869 2591 907 2623 dici

81 2650 117 2683 illa
129 2653 198 2690 gratia,
211 2652 233 2684 de
248 2662 286 2691 qua
300 2661 351 2684 nunc
365 2651 472 2690 quaeritur,
487 2660 537 2689 quae
550 2651 583 2684 scl.
597 2651 711 2690 requiritur,
725 2661 770 2684 cum
784 2661 851 2684 revera
865 2653 908 2684 ten-

81 2712 131 2742 tatio
144 2711 204 2743 adest.
215 2730 239 2734 -—
252 2711 293 2743 Huc
305 2721 344 2743 non
357 2712 442 2749 pertinet
456 2712 552 2750 quaestio,
564 2715 631 2743 utrum
643 2713 707 2749 gratia
720 2711 830 2743 habitualis
843 2712 908 2751 requi-

81 2774 135 2802 ratur
145 2771 176 2802 vcl
186 2772 275 2808 sufficiat,
285 2771 332 2809 quia
343 2772 408 2809 agitur
417 2771 440 2803 110
450 2771 560 2803 tentatione
570 2781 580 2803 a
589 2775 690 2809 peccatore
700 2772 782 2803 honeste
791 2776 908 2809 superanda.
