1952 3093
461 43 570 80 „74-

107 167 178 207 posset
196 165 289 202 humana
310 167 408 203 voluntas
429 168 528 205 resistere
547 170 567 204 et
585 166 760 210 obtemperare».
781 166 892 203 Declarata
913 169 932 203 et

107 238 206 274 damnata
221 239 251 275 uti
267 239 319 276 [alsa
335 242 354 275 et
368 239 484 277 haeretica.

159 311 183 346 In
198 311 268 353 prima
284 315 344 354 parte
360 312 477 350 affirmatur
492 311 675 355 Semipelagianos
690 312 803 349 admisisse
818 312 933 349 necessita-

108 387 149 421 tem
166 384 262 421 internae
277 384 357 427 gratiae
374 385 401 421 ad
417 396 491 423 omnes
508 387 574 428 actus,
590 384 654 421 etiam
669 385 697 422 ad
712 384 799 421 initium
813 384 873 429 fidei3
889 395 932 422 non

107 466 156 500 e1¹go
171 456 279 494 haeretica
295 460 325 494 est
339 469 412 494 eorum
428 458 534 496 sententia
549 469 573 494 co
588 458 652 500 quod,
667 458 698 494 uti
712 456 831 501 generatim
847 457 933 500 dicitur,

108 529 257 566 necessitatem
269 530 350 573 gratiae
365 530 392 566 ad
406 530 492 567 initium
507 530 557 566 fidei
572 530 707 574 negaverint;
721 529 758 566 sed
772 540 846 567 eorum
860 530 933 567 haere-

108 602 137 639 sis
148 602 170 638 in
184 613 208 639 eo
222 606 273 646 erat,
286 602 344 646 quod
358 603 412 639 falso
425 603 451 639 de
464 606 540 639 natura
553 602 664 640 interioris
677 601 757 646 gratiae
771 601 878 651 senserint
895 603 933 644 (se-

108 674 177 711 cunda
191 674 256 719 pars).
270 674 292 712 Si
304 685 353 718 ergo
367 679 481 717 propterea
494 674 661 717 Semipelagiani
673 674 778 711 haeretici
791 673 888 718 fuissent,
901 686 933 712 ca-

108 747 187 784 tholica
201 747 301 785 doctriua
314 751 375 791 esset,
389 748 446 791 quod
459 747 558 784 voluntas
570 747 663 784 humana
676 747 727 783 huic
741 746 841 783 interiori
853 748 933 791 gratiae

108 829 150 855 non
165 822 235 862 potest
248 820 348 856 resistere
361 820 394 856 vel
408 820 563 863 obtemperare.
578 818 682 856 Statuitur
696 828 745 862 ergo
759 819 800 855 hac
813 822 873 862 parte
886 830 934 863 pro-

109 892 224 935 positionis
239 894 317 929 iterum
333 892 462 929 lanseniana
478 891 577 929 doctrina
594 892 620 928 de
635 892 703 936 gratia
719 894 808 929 naturae
823 891 896 935 lapsae
912 895 935 928 ut

109 964 216 1001 adiutorio
230 976 271 1009 quo
288 965 324 1006 (ci.
336 975 398 1008 prop.
411 964 438 1006 2).
452 963 586 1008 Qualificatio
600 964 747 1002 «haeretica»
762 964 893 1007 applicanda
904 964 934 1000 vi-

110 1038 171 1074 detur
182 1038 279 1080 praecise
292 1037 343 1074 huie
357 1038 464 1074 secundae
477 1037 534 1080 parti
547 1036 711 1079 propositionis.
723 1036 778 1080 Ergo
787 1041 842 1073 'vera
857 1037 935 1074 doctri-

110 1120 136 1147 na
148 1114 189 1147 est:
203 1111 302 1147 voluntas
313 1110 407 1146 humana
417 1112 487 1153 potest
498 1109 578 1152 gratiae
590 1108 690 1146 interiori
701 1109 801 1145 resistere
811 1110 844 1145 vel
855 1109 935 1146 obtem-

110 1193 192 1225 perare.

160 1254 224 1298 Prop.
239 1256 261 1292 5:
280 1268 290 1290 «
300 1255 494 1297 Semipelagianum
511 1257 541 1291 est
559 1253 637 1297 dicere,
654 1253 763 1291 Christum
779 1264 819 1296 pro
835 1253 935 1291 omnibus

110 1328 198 1365 omnino
215 1328 340 1365 hominihus
356 1329 464 1364 mortuum
480 1337 525 1363 esse
542 1330 577 1363 aut
594 1326 720 1370 sanguinem
737 1325 846 1363 fudisse».
862 1326 935 1362 Decla-

110 1404 155 1436 rata
173 1403 192 1436 et
211 1401 311 1437 damnata
328 1400 360 1436 uti
378 1399 438 1443 falsa,
456 1399 576 1442 temeraria,
594 1399 727 1441 scandaloso,
746 1401 766 1435 et
784 1398 892 1435 intellecta
911 1409 935 1434 eo

111 1483 180 1514 sensu,
197 1475 219 1509 ut
234 1471 332 1510 Christus
349 1483 388 1514 pro
405 1473 472 1509 salute
489 1472 599 1509 dumtaxat
614 1470 824 1514 praedestinatorum
840 1473 936 1507 mortuus

111 1545 144 1587 sit,
161 1544 235 1588 impia,
253 1544 386 1587 blasphema,
405 1543 566 1587 contumeliosa,
587 1542 672 1580 divinae
691 1542 766 1586 pietati
786 1542 897 1586 derogans,
917 1544 937 1578 et

110 1616 226 1653 haeretica.

164 1689 277 1726 Iansenius
289 1690 352 1732 ponit
363 1690 508 1733 principium:
525 1690 624 1727 omnihus
636 1701 676 1733 pro
689 1690 766 1735 quibus
780 1690 878 1728 Christus
891 1702 937 1729 san-

111 1762 197 1805 guinem
215 1763 277 1805 fudit,
296 1765 316 1799 et
333 1765 438 1806 quatenus
456 1774 496 1806 pro
513 1763 543 1799 eis
561 1762 623 1805 fudit,
640 1763 704 1800 etiam
722 1764 787 1800 donat
805 1764 936 1802 adiutorium

111 1845 153 1878 quo
169 1834 244 1872 volunt
259 1838 279 1872 et
295 1835 378 1872 faciunt
392 1835 415 1871 id
431 1836 489 1880 quod
505 1835 531 1872 ab
547 1835 578 1872 eis
594 1836 710 1873 volendum
726 1839 746 1872 et
762 1835 886 1874 faciendum
903 1837 937 1874 de-

112 1907 186 1944 crevit.
201 1907 257 1944 Hinc
274 1919 313 1951 pro
330 1908 397 1944 salute
413 1909 482 1945 solum
499 1907 708 1951 praedestinatorum
724 1911 820 1945 mortuus
836 1912 873 1952 est,
889 1920 937 1946 cum

112 1990 148 2016 eos
159 1979 216 2017 solos
227 1980 323 2017 absolute
336 1980 456 2017 decreverit
466 1980 555 2017 salvare.
566 1979 607 2017 Pro
618 1981 662 2018 illis
673 1980 802 2023 reprobatis,
812 1981 890 2024 quibus
902 1981 936 2018 de-

113 2052 180 2089 crevit
194 2052 245 2090 dare
258 2052 321 2090 fidem
335 2057 355 2090 et
367 2053 494 2090 charitatem
508 2052 554 2089 sine
568 2052 735 2097 perseverantia,
748 2054 782 2090 vel
795 2046 862 2090 solam
874 2053 937 2090 fidem

113 2125 159 2161 sine
174 2125 284 2168 charitate,
301 2127 388 2163 eatenus
403 2129 500 2163 mortuus
516 2128 553 2168 est,
569 2126 673 2169 quatenus
687 2125 737 2162 illos
753 2125 842 2162 effectus
857 2126 938 2169 gratiae

113 2197 156 2234 illis
174 2198 278 2242 decrevit;
297 2198 352 2234 nihil
370 2201 440 2235 autem
458 2209 497 2241 pro
515 2197 639 2235 infidelibus
656 2198 693 2242 qui
709 2201 837 2241 permanent
853 2198 875 2234 in
892 2198 938 2234 infi-

113 2269 206 2307 delitate.
219 2270 250 2308 Eo
264 2281 328 2307 sensu
342 2280 391 2314 ergo
403 2270 497 2313 positive
511 2269 608 2307 Christus
624 2270 729 2313 dicendus
743 2273 775 2307 est
787 2273 884 2307 mortuus
898 2281 937 2314 pro

114 2342 180 2379 salute
195 2353 237 2380 non
256 2343 324 2381 solum
340 2342 556 2386 praedestinatorum,
573 2344 678 2386 quatenus
695 2342 743 2379 aliis
758 2353 842 2386 quoque
858 2343 938 2380 auxilia

113 2413 191 2458 quibus
206 2415 284 2452 salvari
299 2417 395 2458 possunt,
411 2417 480 2453 morte
497 2426 533 2451 sua
549 2415 676 2458 promeruit.

166 2487 194 2525 Ut
208 2498 273 2532 supra
288 2488 331 2524 iam
347 2487 427 2524 dictum
442 2490 493 2530 erat,
507 2485 619 2524 lansenius
635 2487 752 2524 sententias
767 2496 816 2524 suas
829 2486 939 2525 Ecclesiae

114 2559 196 2596 iudicio
210 2550 317 2604 subiecit3¹
326 2560 373 2603 ipse
388 2570 438 2604 ergo
452 2570 496 2596 non
512 2563 543 2596 est
556 2558 684 2597 haereticus.

167 2631 225 2668 Inter
241 2632 372 2669 Iansenistas
388 2632 522 2675 principales
538 2632 684 2669 numerandus
700 2635 731 2669 est
745 2631 854 2675 imprimis
868 2632 939 2669 Ianse·

114 2704 144 2740 nii
162 2704 250 2745 anricus,
266 2705 397 2741 Ioannes
419 2703 585 2747 rugerius,
608 2703 673 2741 abhas
690 2704 709 2741 S.
727 2703 806 2747 Cyrani
826 2703 939 2745 (monaste-
