<?xml version="1.0" encoding="UTF-8"?>
<!DOCTYPE html PUBLIC "-//W3C//DTD XHTML 1.0 Transitional//EN"
    "http://www.w3.org/TR/xhtml1/DTD/xhtml1-transitional.dtd">
<html xmlns="http://www.w3.org/1999/xhtml" xml:lang="en" lang="en">
 <head>
  <title>
</title>
<meta http-equiv="Content-Type" content="text/html;charset=utf-8" />
  <meta name='ocr-system' content='tesseract 3.04.00' />
  <meta name='ocr-capabilities' content='ocr_page ocr_carea ocr_par ocr_line ocrx_word'/>
</head>
<body>
  <div class='ocr_page' id='page_1' title='image "./MN41638ucmf_6_0147.png"; bbox 0 0 1952 3093; ppageno 0'>
   <div class='ocr_carea' id='block_1_1' title="bbox 410 43 531 81">
    <p class='ocr_par' dir='ltr' id='par_1_1' title="bbox 410 43 531 81">
     <span class='ocr_line' id='line_1_1' title="bbox 410 43 531 81; baseline -0.017 -8"><span class='ocrx_word' id='word_1_1' title='bbox 410 66 440 73; x_wconf 73' lang='lat'>....,</span> <span class='ocrx_word' id='word_1_2' title='bbox 452 43 488 81; x_wconf 81' lang='lat'>127</span> <span class='ocrx_word' id='word_1_3' title='bbox 504 67 531 71; x_wconf 78' lang='grc'>.-</span> 
     </span>
    </p>
   </div>
   <div class='ocr_carea' id='block_1_2' title="bbox 57 162 888 1934">
    <p class='ocr_par' dir='ltr' id='par_1_2' title="bbox 57 162 887 1496">
     <span class='ocr_line' id='line_1_2' title="bbox 111 162 884 208; baseline -0.004 -5"><span class='ocrx_word' id='word_1_4' title='bbox 111 166 184 204; x_wconf 89' lang='lat' dir='ltr'>Gratia</span> <span class='ocrx_word' id='word_1_5' title='bbox 198 164 336 202; x_wconf 84' lang='lat' dir='ltr'>sanctificans</span> <span class='ocrx_word' id='word_1_6' title='bbox 350 173 400 208; x_wconf 78' lang='lat' dir='ltr'>ergo</span> <span class='ocrx_word' id='word_1_7' title='bbox 414 167 446 201; x_wconf 87' lang='lat' dir='ltr'>est</span> <span class='ocrx_word' id='word_1_8' title='bbox 459 164 561 201; x_wconf 89' lang='lat' dir='ltr'>accidens</span> <span class='ocrx_word' id='word_1_9' title='bbox 574 163 690 207; x_wconf 83' lang='lat' dir='ltr'>physicum</span> <span class='ocrx_word' id='word_1_10' title='bbox 705 163 754 200; x_wconf 89' lang='lat' dir='ltr'>talis</span> <span class='ocrx_word' id='word_1_11' title='bbox 768 162 884 206; x_wconf 83' lang='lat' dir='ltr'>perfectio-</span> 
     </span>
     <span class='ocr_line' id='line_1_3' title="bbox 57 235 881 282; baseline -0.007 -6"><span class='ocrx_word' id='word_1_12' title='bbox 57 239 99 282; x_wconf 87' lang='lat' dir='ltr'>nis,</span> <span class='ocrx_word' id='word_1_13' title='bbox 113 241 137 276; x_wconf 89' lang='lat' dir='ltr'>ut</span> <span class='ocrx_word' id='word_1_14' title='bbox 152 238 186 275; x_wconf 92' lang='lat' dir='ltr'>sui</span> <span class='ocrx_word' id='word_1_15' title='bbox 201 237 397 274; x_wconf 74' lang='lat' dir='ltr'>communicatione</span> <span class='ocrx_word' id='word_1_16' title='bbox 412 235 469 273; x_wconf 91' lang='lat' dir='ltr'>hanc</span> <span class='ocrx_word' id='word_1_17' title='bbox 482 235 649 273; x_wconf 89' lang='lat' dir='ltr'>similitudinem</span> <span class='ocrx_word' id='word_1_18' title='bbox 666 246 714 273; x_wconf 91' lang='lat' dir='ltr'>cum</span> <span class='ocrx_word' id='word_1_19' title='bbox 728 236 773 273; x_wconf 91' lang='lat' dir='ltr'>Deo</span> <span class='ocrx_word' id='word_1_20' title='bbox 789 235 881 272; x_wconf 89' lang='lat' dir='ltr'>tribnat:</span> 
     </span>
     <span class='ocr_line' id='line_1_4' title="bbox 58 306 883 348; baseline -0.006 0"><span class='ocrx_word' id='word_1_21' title='bbox 58 310 155 348; x_wconf 87' lang='lat' dir='ltr'>formalis</span> <span class='ocrx_word' id='word_1_22' title='bbox 171 309 216 347; x_wconf 91' lang='lat' dir='ltr'>eius</span> <span class='ocrx_word' id='word_1_23' title='bbox 234 308 323 346; x_wconf 88' lang='lat' dir='ltr'>effectus</span> <span class='ocrx_word' id='word_1_24' title='bbox 340 311 372 345; x_wconf 89' lang='lat' dir='ltr'>est</span> <span class='ocrx_word' id='word_1_25' title='bbox 383 308 441 345; x_wconf 62' lang='lat' dir='ltr'>,haec</span> <span class='ocrx_word' id='word_1_26' title='bbox 458 307 625 345; x_wconf 78' lang='lat' dir='ltr'>communicatio</span> <span class='ocrx_word' id='word_1_27' title='bbox 641 310 730 345; x_wconf 86' lang='lat' dir='ltr'>naturae</span> <span class='ocrx_word' id='word_1_28' title='bbox 749 307 843 345; x_wconf 90' lang='lat' dir='ltr'>divinae.</span> <span class='ocrx_word' id='word_1_29' title='bbox 858 306 883 343; x_wconf 91' lang='lat' dir='ltr'>ln</span> 
     </span>
     <span class='ocr_line' id='line_1_5' title="bbox 57 379 884 421; baseline -0.007 -1"><span class='ocrx_word' id='word_1_30' title='bbox 57 384 99 420; x_wconf 89' lang='lat' dir='ltr'>hac</span> <span class='ocrx_word' id='word_1_31' title='bbox 116 385 174 419; x_wconf 89' lang='lat' dir='ltr'>terra</span> <span class='ocrx_word' id='word_1_32' title='bbox 191 382 245 418; x_wconf 88' lang='lat' dir='ltr'>haec</span> <span class='ocrx_word' id='word_1_33' title='bbox 263 379 431 418; x_wconf 82' lang='lat' dir='ltr'>communicatio</span> <span class='ocrx_word' id='word_1_34' title='bbox 450 383 539 417; x_wconf 84' lang='lat' dir='ltr'>naturae</span> <span class='ocrx_word' id='word_1_35' title='bbox 557 380 645 417; x_wconf 90' lang='lat' dir='ltr'>divinae</span> <span class='ocrx_word' id='word_1_36' title='bbox 663 390 707 417; x_wconf 91' lang='lat' dir='ltr'>non</span> <span class='ocrx_word' id='word_1_37' title='bbox 725 379 884 421; x_wconf 76' lang='lat' dir='ltr'>manifestatur,</span> 
     </span>
     <span class='ocr_line' id='line_1_6' title="bbox 58 451 884 499; baseline -0.005 -8"><span class='ocrx_word' id='word_1_38' title='bbox 58 465 127 498; x_wconf 81' lang='lat' dir='ltr'>neque</span> <span class='ocrx_word' id='word_1_39' title='bbox 144 455 167 490; x_wconf 92' lang='lat' dir='ltr'>in</span> <span class='ocrx_word' id='word_1_40' title='bbox 184 464 206 490; x_wconf 88' lang='lat' dir='ltr'>se</span> <span class='ocrx_word' id='word_1_41' title='bbox 222 462 291 497; x_wconf 88' lang='lat' dir='ltr'>neque</span> <span class='ocrx_word' id='word_1_42' title='bbox 306 453 329 489; x_wconf 93' lang='lat' dir='ltr'>in</span> <span class='ocrx_word' id='word_1_43' title='bbox 347 453 391 489; x_wconf 91' lang='lat' dir='ltr'>suis</span> <span class='ocrx_word' id='word_1_44' title='bbox 408 452 499 499; x_wconf 89' lang='lat' dir='ltr'>actibus.</span> <span class='ocrx_word' id='word_1_45' title='bbox 517 451 637 489; x_wconf 86' lang='lat' dir='ltr'>«Nondum</span> <span class='ocrx_word' id='word_1_46' title='bbox 655 451 756 496; x_wconf 90' lang='lat' dir='ltr'>apparuit</span> <span class='ocrx_word' id='word_1_47' title='bbox 772 452 826 496; x_wconf 76' lang='lat' dir='ltr'>(Illid</span> <span class='ocrx_word' id='word_1_48' title='bbox 844 451 884 487; x_wconf 90' lang='lat' dir='ltr'>eri-</span> 
     </span>
     <span class='ocr_line' id='line_1_7' title="bbox 58 524 885 563; baseline -0.004 0"><span class='ocrx_word' id='word_1_49' title='bbox 58 537 105 563; x_wconf 91' lang='lat' dir='ltr'>mus</span> <span class='ocrx_word' id='word_1_50' title='bbox 114 529 167 562; x_wconf 63' lang='lat'>»1³4.</span> <span class='ocrx_word' id='word_1_51' title='bbox 181 526 258 562; x_wconf 88' lang='lat' dir='ltr'>Actum</span> <span class='ocrx_word' id='word_1_52' title='bbox 270 524 438 562; x_wconf 84' lang='lat' dir='ltr'>intellectualem</span> <span class='ocrx_word' id='word_1_53' title='bbox 452 524 505 561; x_wconf 88' lang='lat' dir='ltr'>huic</span> <span class='ocrx_word' id='word_1_54' title='bbox 519 524 583 561; x_wconf 90' lang='lat' dir='ltr'>statui</span> <span class='ocrx_word' id='word_1_55' title='bbox 597 524 789 561; x_wconf 83' lang='lat' dir='ltr'>intellectualitatis</span> <span class='ocrx_word' id='word_1_56' title='bbox 804 533 885 561; x_wconf 87' lang='lat' dir='ltr'>conna-</span> 
     </span>
     <span class='ocr_line' id='line_1_8' title="bbox 58 595 884 641; baseline -0.005 -6"><span class='ocrx_word' id='word_1_57' title='bbox 58 598 149 635; x_wconf 86' lang='lat' dir='ltr'>turalem</span> <span class='ocrx_word' id='word_1_58' title='bbox 160 601 180 634; x_wconf 89' lang='lat' dir='ltr'>et</span> <span class='ocrx_word' id='word_1_59' title='bbox 191 597 312 641; x_wconf 89' lang='lat' dir='ltr'>proprium,</span> <span class='ocrx_word' id='word_1_60' title='bbox 323 596 389 633; x_wconf 87' lang='lat' dir='ltr'>idest</span> <span class='ocrx_word' id='word_1_61' title='bbox 399 599 471 633; x_wconf 85' lang='lat' dir='ltr'>actum</span> <span class='ocrx_word' id='word_1_62' title='bbox 483 595 575 634; x_wconf 87' lang='lat' dir='ltr'>visionis</span> <span class='ocrx_word' id='word_1_63' title='bbox 586 596 632 639; x_wconf 92' lang='lat' dir='ltr'>Dei,</span> <span class='ocrx_word' id='word_1_64' title='bbox 644 596 667 632; x_wconf 89' lang='lat' dir='ltr'>in</span> <span class='ocrx_word' id='word_1_65' title='bbox 677 595 719 632; x_wconf 88' lang='lat' dir='ltr'>hac</span> <span class='ocrx_word' id='word_1_66' title='bbox 730 595 775 632; x_wconf 92' lang='lat' dir='ltr'>vita</span> <span class='ocrx_word' id='word_1_67' title='bbox 787 596 884 632; x_wconf 91' lang='lat' dir='ltr'>nondum</span> 
     </span>
     <span class='ocr_line' id='line_1_9' title="bbox 58 668 884 714; baseline -0.004 -7"><span class='ocrx_word' id='word_1_68' title='bbox 58 669 172 714; x_wconf 86' lang='lat' dir='ltr'>habemus;</span> <span class='ocrx_word' id='word_1_69' title='bbox 185 671 324 712; x_wconf 79' lang='lat' dir='ltr'>regeneratus</span> <span class='ocrx_word' id='word_1_70' title='bbox 335 679 419 712; x_wconf 83' lang='lat' dir='ltr'>quoqne</span> <span class='ocrx_word' id='word_1_71' title='bbox 430 668 454 704; x_wconf 95' lang='lat' dir='ltr'>in</span> <span class='ocrx_word' id='word_1_72' title='bbox 466 668 507 704; x_wconf 86' lang='lat' dir='ltr'>hac</span> <span class='ocrx_word' id='word_1_73' title='bbox 519 668 563 704; x_wconf 92' lang='lat' dir='ltr'>vita</span> <span class='ocrx_word' id='word_1_74' title='bbox 576 668 673 705; x_wconf 89' lang='lat' dir='ltr'>nondum</span> <span class='ocrx_word' id='word_1_75' title='bbox 686 670 787 711; x_wconf 90' lang='lat' dir='ltr'>operatur</span> <span class='ocrx_word' id='word_1_76' title='bbox 800 668 884 704; x_wconf 81' lang='lat' dir='ltr'>admo</span> 
     </span>
     <span class='ocr_line' id='line_1_10' title="bbox 60 739 885 784; baseline -0.002 -6"><span class='ocrx_word' id='word_1_77' title='bbox 60 742 111 778; x_wconf 92' lang='lat' dir='ltr'>dum</span> <span class='ocrx_word' id='word_1_78' title='bbox 122 741 169 784; x_wconf 87' lang='lat' dir='ltr'>Dei,</span> <span class='ocrx_word' id='word_1_79' title='bbox 182 741 219 777; x_wconf 92' lang='lat' dir='ltr'>sed</span> <span class='ocrx_word' id='word_1_80' title='bbox 231 741 258 777; x_wconf 91' lang='lat' dir='ltr'>ad</span> <span class='ocrx_word' id='word_1_81' title='bbox 271 740 359 777; x_wconf 90' lang='lat' dir='ltr'>modum</span> <span class='ocrx_word' id='word_1_82' title='bbox 372 743 490 777; x_wconf 84' lang='lat' dir='ltr'>creaturae.</span> <span class='ocrx_word' id='word_1_83' title='bbox 502 740 600 776; x_wconf 89' lang='lat' dir='ltr'>Attamen</span> <span class='ocrx_word' id='word_1_84' title='bbox 612 739 654 776; x_wconf 86' lang='lat' dir='ltr'>hoo</span> <span class='ocrx_word' id='word_1_85' title='bbox 666 749 710 777; x_wconf 88' lang='lat' dir='ltr'>non</span> <span class='ocrx_word' id='word_1_86' title='bbox 722 739 821 783; x_wconf 85' lang='lat' dir='ltr'>impedit,</span> <span class='ocrx_word' id='word_1_87' title='bbox 834 749 885 783; x_wconf 83' lang='lat' dir='ltr'>quo-</span> 
     </span>
     <span class='ocr_line' id='line_1_11' title="bbox 59 810 885 856; baseline -0.005 -6"><span class='ocrx_word' id='word_1_88' title='bbox 59 814 131 850; x_wconf 91' lang='lat' dir='ltr'>minus</span> <span class='ocrx_word' id='word_1_89' title='bbox 145 813 257 849; x_wconf 89' lang='lat' dir='ltr'>nunciam</span> <span class='ocrx_word' id='word_1_90' title='bbox 271 823 322 849; x_wconf 90' lang='lat' dir='ltr'>vere</span> <span class='ocrx_word' id='word_1_91' title='bbox 334 812 452 856; x_wconf 89' lang='lat' dir='ltr'>participet</span> <span class='ocrx_word' id='word_1_92' title='bbox 464 815 563 849; x_wconf 87' lang='lat' dir='ltr'>naturam</span> <span class='ocrx_word' id='word_1_93' title='bbox 578 811 681 848; x_wconf 90' lang='lat' dir='ltr'>divinam.</span> <span class='ocrx_word' id='word_1_94' title='bbox 696 823 707 847; x_wconf 87' lang='lat'>«</span> <span class='ocrx_word' id='word_1_95' title='bbox 716 810 776 848; x_wconf 88' lang='lat' dir='ltr'>Sicut</span> <span class='ocrx_word' id='word_1_96' title='bbox 789 811 848 848; x_wconf 89' lang='lat' dir='ltr'>enim</span> <span class='ocrx_word' id='word_1_97' title='bbox 861 811 885 847; x_wconf 89' lang='lat' dir='ltr'>in</span> 
     </span>
     <span class='ocr_line' id='line_1_12' title="bbox 60 883 885 928; baseline -0.004 -6"><span class='ocrx_word' id='word_1_98' title='bbox 60 884 137 923; x_wconf 83' lang='lat' dir='ltr'>ordine</span> <span class='ocrx_word' id='word_1_99' title='bbox 154 884 247 922; x_wconf 86' lang='lat' dir='ltr'>naturali</span> <span class='ocrx_word' id='word_1_100' title='bbox 264 885 329 921; x_wconf 89' lang='lat' dir='ltr'>homo</span> <span class='ocrx_word' id='word_1_101' title='bbox 346 887 378 921; x_wconf 89' lang='lat' dir='ltr'>est</span> <span class='ocrx_word' id='word_1_102' title='bbox 394 884 467 927; x_wconf 83' lang='lat' dir='ltr'>imago</span> <span class='ocrx_word' id='word_1_103' title='bbox 482 883 529 927; x_wconf 90' lang='lat' dir='ltr'>Dei,</span> <span class='ocrx_word' id='word_1_104' title='bbox 546 893 591 921; x_wconf 93' lang='lat' dir='ltr'>non</span> <span class='ocrx_word' id='word_1_105' title='bbox 609 883 678 921; x_wconf 89' lang='lat' dir='ltr'>solum</span> <span class='ocrx_word' id='word_1_106' title='bbox 695 886 801 928; x_wconf 86' lang='lat' dir='ltr'>quatenus</span> <span class='ocrx_word' id='word_1_107' title='bbox 816 883 885 920; x_wconf 90' lang='lat' dir='ltr'>Deum</span> 
     </span>
     <span class='ocr_line' id='line_1_13' title="bbox 61 955 885 1000; baseline -0.002 -7"><span class='ocrx_word' id='word_1_108' title='bbox 61 959 109 993; x_wconf 90' lang='lat' dir='ltr'>actu</span> <span class='ocrx_word' id='word_1_109' title='bbox 127 956 244 1000; x_wconf 79' lang='lat' dir='ltr'>cognoscit,</span> <span class='ocrx_word' id='word_1_110' title='bbox 262 956 300 994; x_wconf 88' lang='lat' dir='ltr'>sed</span> <span class='ocrx_word' id='word_1_111' title='bbox 318 955 383 993; x_wconf 91' lang='lat' dir='ltr'>etiam</span> <span class='ocrx_word' id='word_1_112' title='bbox 398 959 504 1000; x_wconf 81' lang='lat' dir='ltr'>quatenus</span> <span class='ocrx_word' id='word_1_113' title='bbox 521 955 587 993; x_wconf 88' lang='lat' dir='ltr'>habet</span> <span class='ocrx_word' id='word_1_114' title='bbox 603 955 723 993; x_wconf 85' lang='lat' dir='ltr'>naturalem</span> <span class='ocrx_word' id='word_1_115' title='bbox 740 955 885 998; x_wconf 86' lang='lat' dir='ltr'>aptitudinem</span> 
     </span>
     <span class='ocr_line' id='line_1_14' title="bbox 60 1027 886 1071; baseline -0.002 -6"><span class='ocrx_word' id='word_1_116' title='bbox 60 1029 88 1065; x_wconf 88' lang='lat' dir='ltr'>ad</span> <span class='ocrx_word' id='word_1_117' title='bbox 98 1028 166 1065; x_wconf 91' lang='lat' dir='ltr'>Deum</span> <span class='ocrx_word' id='word_1_118' title='bbox 178 1028 359 1071; x_wconf 81' lang='lat' dir='ltr'>cognoscendum,</span> <span class='ocrx_word' id='word_1_119' title='bbox 370 1028 400 1064; x_wconf 89' lang='lat' dir='ltr'>ita</span> <span class='ocrx_word' id='word_1_120' title='bbox 410 1027 433 1064; x_wconf 91' lang='lat' dir='ltr'>in</span> <span class='ocrx_word' id='word_1_121' title='bbox 445 1027 522 1065; x_wconf 87' lang='lat' dir='ltr'>ordine</span> <span class='ocrx_word' id='word_1_122' title='bbox 534 1027 693 1071; x_wconf 86' lang='lat' dir='ltr'>supernaturali</span> <span class='ocrx_word' id='word_1_123' title='bbox 703 1027 824 1071; x_wconf 83' lang='lat' dir='ltr'>perfectum</span> <span class='ocrx_word' id='word_1_124' title='bbox 836 1037 886 1064; x_wconf 85' lang='lat' dir='ltr'>con-</span> 
     </span>
     <span class='ocr_line' id='line_1_15' title="bbox 61 1098 886 1143; baseline -0.002 -6"><span class='ocrx_word' id='word_1_125' title='bbox 61 1100 151 1137; x_wconf 88' lang='lat' dir='ltr'>sortium</span> <span class='ocrx_word' id='word_1_126' title='bbox 164 1100 220 1137; x_wconf 89' lang='lat' dir='ltr'>vitae</span> <span class='ocrx_word' id='word_1_127' title='bbox 235 1099 322 1136; x_wconf 85' lang='lat' dir='ltr'>divinae</span> <span class='ocrx_word' id='word_1_128' title='bbox 336 1100 406 1137; x_wconf 88' lang='lat' dir='ltr'>aderit</span> <span class='ocrx_word' id='word_1_129' title='bbox 419 1110 459 1143; x_wconf 91' lang='lat' dir='ltr'>per</span> <span class='ocrx_word' id='word_1_130' title='bbox 472 1099 579 1136; x_wconf 87' lang='lat' dir='ltr'>visionem</span> <span class='ocrx_word' id='word_1_131' title='bbox 592 1098 720 1142; x_wconf 88' lang='lat' dir='ltr'>beatificam,</span> <span class='ocrx_word' id='word_1_132' title='bbox 734 1098 772 1136; x_wconf 90' lang='lat' dir='ltr'>sed</span> <span class='ocrx_word' id='word_1_133' title='bbox 785 1098 886 1142; x_wconf 88' lang='lat' dir='ltr'>aptitudo</span> 
     </span>
     <span class='ocr_line' id='line_1_16' title="bbox 61 1169 886 1215; baseline -0.001 -7"><span class='ocrx_word' id='word_1_134' title='bbox 61 1172 89 1209; x_wconf 90' lang='lat' dir='ltr'>ad</span> <span class='ocrx_word' id='word_1_135' title='bbox 99 1172 166 1209; x_wconf 90' lang='lat' dir='ltr'>vitam</span> <span class='ocrx_word' id='word_1_136' title='bbox 180 1171 276 1209; x_wconf 86' lang='lat' dir='ltr'>divinam</span> <span class='ocrx_word' id='word_1_137' title='bbox 290 1171 353 1208; x_wconf 89' lang='lat' dir='ltr'>datur</span> <span class='ocrx_word' id='word_1_138' title='bbox 365 1182 405 1215; x_wconf 93' lang='lat' dir='ltr'>per</span> <span class='ocrx_word' id='word_1_139' title='bbox 415 1171 506 1215; x_wconf 82' lang='lat' dir='ltr'>gratiam</span> <span class='ocrx_word' id='word_1_140' title='bbox 520 1171 698 1209; x_wconf 84' lang='lat' dir='ltr'>sanctificantem.</span> <span class='ocrx_word' id='word_1_141' title='bbox 711 1170 765 1208; x_wconf 86' lang='lat' dir='ltr'>Cum</span> <span class='ocrx_word' id='word_1_142' title='bbox 777 1170 844 1214; x_wconf 81' lang='lat' dir='ltr'>igitur</span> <span class='ocrx_word' id='word_1_143' title='bbox 856 1169 886 1214; x_wconf 90' lang='lat' dir='ltr'>id,</span> 
     </span>
     <span class='ocr_line' id='line_1_17' title="bbox 61 1242 886 1288; baseline -0.001 -8"><span class='ocrx_word' id='word_1_144' title='bbox 61 1254 101 1287; x_wconf 90' lang='lat' dir='ltr'>per</span> <span class='ocrx_word' id='word_1_145' title='bbox 112 1243 170 1288; x_wconf 84' lang='lat' dir='ltr'>quod</span> <span class='ocrx_word' id='word_1_146' title='bbox 184 1243 267 1287; x_wconf 84' lang='lat' dir='ltr'>aliquid</span> <span class='ocrx_word' id='word_1_147' title='bbox 280 1244 304 1280; x_wconf 90' lang='lat' dir='ltr'>in</span> <span class='ocrx_word' id='word_1_148' title='bbox 318 1242 460 1280; x_wconf 89' lang='lat' dir='ltr'>determinata</span> <span class='ocrx_word' id='word_1_149' title='bbox 474 1243 546 1287; x_wconf 88' lang='lat' dir='ltr'>speeie</span> <span class='ocrx_word' id='word_1_150' title='bbox 561 1243 617 1280; x_wconf 92' lang='lat' dir='ltr'>entis</span> <span class='ocrx_word' id='word_1_151' title='bbox 630 1243 726 1286; x_wconf 85' lang='lat' dir='ltr'>primum</span> <span class='ocrx_word' id='word_1_152' title='bbox 740 1242 886 1285; x_wconf 83' lang='lat' dir='ltr'>constituitur,</span> 
     </span>
     <span class='ocr_line' id='line_1_18' title="bbox 63 1314 887 1359; baseline 0 -8"><span class='ocrx_word' id='word_1_153' title='bbox 63 1315 147 1352; x_wconf 87' lang='lat' dir='ltr'>dicatur</span> <span class='ocrx_word' id='word_1_154' title='bbox 160 1318 237 1352; x_wconf 90' lang='lat' dir='ltr'>natura</span> <span class='ocrx_word' id='word_1_155' title='bbox 252 1315 304 1358; x_wconf 88' lang='lat' dir='ltr'>eius,</span> <span class='ocrx_word' id='word_1_156' title='bbox 318 1315 387 1358; x_wconf 80' lang='lat' dir='ltr'>gratia</span> <span class='ocrx_word' id='word_1_157' title='bbox 402 1314 546 1358; x_wconf 86' lang='lat' dir='ltr'>sanctificans,</span> <span class='ocrx_word' id='word_1_158' title='bbox 560 1326 603 1359; x_wconf 80' lang='lat' dir='ltr'>qua</span> <span class='ocrx_word' id='word_1_159' title='bbox 617 1315 712 1358; x_wconf 90' lang='lat' dir='ltr'>primum</span> <span class='ocrx_word' id='word_1_160' title='bbox 725 1314 791 1351; x_wconf 92' lang='lat' dir='ltr'>homo</span> <span class='ocrx_word' id='word_1_161' title='bbox 806 1314 830 1351; x_wconf 95' lang='lat' dir='ltr'>in</span> <span class='ocrx_word' id='word_1_162' title='bbox 845 1314 887 1351; x_wconf 89' lang='lat' dir='ltr'>hae</span> 
     </span>
     <span class='ocr_line' id='line_1_19' title="bbox 62 1386 887 1434; baseline 0 -11"><span class='ocrx_word' id='word_1_163' title='bbox 62 1386 134 1430; x_wconf 88' lang='lat' dir='ltr'>specie</span> <span class='ocrx_word' id='word_1_164' title='bbox 151 1386 350 1430; x_wconf 86' lang='lat' dir='ltr'>intellectualitatis,</span> <span class='ocrx_word' id='word_1_165' title='bbox 367 1387 385 1424; x_wconf 89' lang='lat' dir='ltr'>si</span> <span class='ocrx_word' id='word_1_166' title='bbox 400 1387 430 1424; x_wconf 92' lang='lat' dir='ltr'>ita</span> <span class='ocrx_word' id='word_1_167' title='bbox 445 1386 506 1431; x_wconf 82' lang='lat' dir='ltr'>loqui</span> <span class='ocrx_word' id='word_1_168' title='bbox 521 1386 579 1434; x_wconf 89' lang='lat' dir='ltr'>licet,</span> <span class='ocrx_word' id='word_1_169' title='bbox 596 1387 735 1424; x_wconf 88' lang='lat' dir='ltr'>constituitur</span> <span class='ocrx_word' id='word_1_170' title='bbox 750 1389 808 1423; x_wconf 86' lang='lat' dir='ltr'>recte</span> <span class='ocrx_word' id='word_1_171' title='bbox 824 1396 887 1424; x_wconf 89' lang='lat' dir='ltr'>voca-</span> 
     </span>
     <span class='ocr_line' id='line_1_20' title="bbox 62 1458 509 1496; baseline 0.002 -1"><span class='ocrx_word' id='word_1_172' title='bbox 62 1461 96 1495; x_wconf 92' lang='lat' dir='ltr'>tur</span> <span class='ocrx_word' id='word_1_173' title='bbox 110 1458 243 1496; x_wconf 89' lang='lat' dir='ltr'>consortium</span> <span class='ocrx_word' id='word_1_174' title='bbox 256 1462 346 1495; x_wconf 90' lang='lat' dir='ltr'>naturae</span> <span class='ocrx_word' id='word_1_175' title='bbox 360 1458 447 1496; x_wconf 88' lang='lat' dir='ltr'>divinae</span> <span class='ocrx_word' id='word_1_176' title='bbox 455 1471 466 1495; x_wconf 89' lang='grc'>&gt;&gt;</span> <span class='ocrx_word' id='word_1_177' title='bbox 475 1462 509 1496; x_wconf 77' lang='lat'>1³⁵.</span> 
     </span>
    </p>

    <p class='ocr_par' dir='ltr' id='par_1_3' title="bbox 62 1530 888 1934">
     <span class='ocr_line' id='line_1_21' title="bbox 115 1530 887 1575; baseline 0 -9"><span class='ocrx_word' id='word_1_178' title='bbox 115 1530 221 1567; x_wconf 89' lang='lat' dir='ltr'>Possibile</span> <span class='ocrx_word' id='word_1_179' title='bbox 237 1541 289 1574; x_wconf 87' lang='lat' dir='ltr'>esse,</span> <span class='ocrx_word' id='word_1_180' title='bbox 306 1533 405 1567; x_wconf 87' lang='lat' dir='ltr'>naturam</span> <span class='ocrx_word' id='word_1_181' title='bbox 422 1530 525 1574; x_wconf 89' lang='lat' dir='ltr'>divinam,</span> <span class='ocrx_word' id='word_1_182' title='bbox 542 1541 596 1575; x_wconf 85' lang='lat' dir='ltr'>quae</span> <span class='ocrx_word' id='word_1_183' title='bbox 611 1530 697 1567; x_wconf 88' lang='lat' dir='ltr'>infinita</span> <span class='ocrx_word' id='word_1_184' title='bbox 712 1530 833 1568; x_wconf 83' lang='lat' dir='ltr'>substantia</span> <span class='ocrx_word' id='word_1_185' title='bbox 849 1533 887 1573; x_wconf 85' lang='lat' dir='ltr'>est,</span> 
     </span>
     <span class='ocr_line' id='line_1_22' title="bbox 63 1601 887 1646; baseline 0 -8"><span class='ocrx_word' id='word_1_186' title='bbox 63 1601 227 1639; x_wconf 89' lang='lat' dir='ltr'>accidentaliter</span> <span class='ocrx_word' id='word_1_187' title='bbox 245 1605 266 1639; x_wconf 92' lang='lat' dir='ltr'>et</span> <span class='ocrx_word' id='word_1_188' title='bbox 284 1601 346 1639; x_wconf 91' lang='lat' dir='ltr'>finito</span> <span class='ocrx_word' id='word_1_189' title='bbox 364 1601 430 1640; x_wconf 93' lang='lat' dir='ltr'>modo</span> <span class='ocrx_word' id='word_1_190' title='bbox 450 1602 614 1646; x_wconf 87' lang='lat' dir='ltr'>communicari,</span> <span class='ocrx_word' id='word_1_191' title='bbox 633 1602 678 1640; x_wconf 92' lang='lat' dir='ltr'>sola</span> <span class='ocrx_word' id='word_1_192' title='bbox 698 1602 782 1639; x_wconf 90' lang='lat' dir='ltr'>ratione</span> <span class='ocrx_word' id='word_1_193' title='bbox 802 1603 887 1646; x_wconf 82' lang='lat' dir='ltr'>ignora-</span> 
     </span>
     <span class='ocr_line' id='line_1_23' title="bbox 63 1673 888 1719; baseline 0 -9"><span class='ocrx_word' id='word_1_194' title='bbox 63 1684 110 1710; x_wconf 90' lang='lat' dir='ltr'>mus</span> <span class='ocrx_word' id='word_1_195' title='bbox 123 1677 142 1710; x_wconf 90' lang='lat' dir='ltr'>et</span> <span class='ocrx_word' id='word_1_196' title='bbox 156 1674 203 1711; x_wconf 89' lang='lat' dir='ltr'>sola</span> <span class='ocrx_word' id='word_1_197' title='bbox 215 1673 346 1711; x_wconf 86' lang='lat' dir='ltr'>revelatione</span> <span class='ocrx_word' id='word_1_198' title='bbox 361 1674 521 1719; x_wconf 79' lang='lat' dir='ltr'>cognoscimus;</span> <span class='ocrx_word' id='word_1_199' title='bbox 536 1677 585 1717; x_wconf 90' lang='lat' dir='ltr'>post</span> <span class='ocrx_word' id='word_1_200' title='bbox 597 1674 751 1712; x_wconf 88' lang='lat' dir='ltr'>revelationem</span> <span class='ocrx_word' id='word_1_201' title='bbox 765 1685 816 1711; x_wconf 86' lang='lat' dir='ltr'>vero</span> <span class='ocrx_word' id='word_1_202' title='bbox 830 1674 888 1717; x_wconf 90' lang='lat' dir='ltr'>posi-</span> 
     </span>
     <span class='ocr_line' id='line_1_24' title="bbox 62 1745 888 1790; baseline 0.001 -9"><span class='ocrx_word' id='word_1_203' title='bbox 62 1745 105 1782; x_wconf 92' lang='lat' dir='ltr'>tive</span> <span class='ocrx_word' id='word_1_204' title='bbox 118 1745 175 1782; x_wconf 89' lang='lat' dir='ltr'>hanc</span> <span class='ocrx_word' id='word_1_205' title='bbox 188 1745 356 1789; x_wconf 87' lang='lat' dir='ltr'>possibilitatem</span> <span class='ocrx_word' id='word_1_206' title='bbox 368 1756 412 1783; x_wconf 90' lang='lat' dir='ltr'>non</span> <span class='ocrx_word' id='word_1_207' title='bbox 426 1745 574 1790; x_wconf 77' lang='lat' dir='ltr'>intelligimus,</span> <span class='ocrx_word' id='word_1_208' title='bbox 589 1746 627 1783; x_wconf 88' lang='lat' dir='ltr'>sed</span> <span class='ocrx_word' id='word_1_209' title='bbox 639 1746 667 1783; x_wconf 87' lang='lat' dir='ltr'>ad</span> <span class='ocrx_word' id='word_1_210' title='bbox 681 1756 788 1783; x_wconf 89' lang='lat' dir='ltr'>summum</span> <span class='ocrx_word' id='word_1_211' title='bbox 801 1746 888 1783; x_wconf 88' lang='lat' dir='ltr'>ostendi</span> 
     </span>
     <span class='ocr_line' id='line_1_25' title="bbox 63 1816 888 1862; baseline 0.001 -9"><span class='ocrx_word' id='word_1_212' title='bbox 63 1819 140 1860; x_wconf 85' lang='lat' dir='ltr'>potest,</span> <span class='ocrx_word' id='word_1_213' title='bbox 155 1827 199 1854; x_wconf 87' lang='lat' dir='ltr'>non</span> <span class='ocrx_word' id='word_1_214' title='bbox 213 1816 302 1860; x_wconf 88' lang='lat' dir='ltr'>probari</span> <span class='ocrx_word' id='word_1_215' title='bbox 317 1818 489 1861; x_wconf 83' lang='lat' dir='ltr'>repugnantiam.</span> <span class='ocrx_word' id='word_1_216' title='bbox 504 1818 529 1854; x_wconf 92' lang='lat' dir='ltr'>In</span> <span class='ocrx_word' id='word_1_217' title='bbox 542 1817 584 1855; x_wconf 86' lang='lat' dir='ltr'>hac</span> <span class='ocrx_word' id='word_1_218' title='bbox 599 1830 623 1855; x_wconf 90' lang='lat' dir='ltr'>re</span> <span class='ocrx_word' id='word_1_219' title='bbox 637 1818 695 1855; x_wconf 89' lang='lat' dir='ltr'>idem</span> <span class='ocrx_word' id='word_1_220' title='bbox 709 1818 772 1860; x_wconf 90' lang='lat' dir='ltr'>valet,</span> <span class='ocrx_word' id='word_1_221' title='bbox 787 1818 847 1862; x_wconf 86' lang='lat' dir='ltr'>quod</span> <span class='ocrx_word' id='word_1_222' title='bbox 862 1818 888 1854; x_wconf 90' lang='lat' dir='ltr'>de</span> 
     </span>
     <span class='ocr_line' id='line_1_26' title="bbox 63 1888 888 1934; baseline 0.001 -9"><span class='ocrx_word' id='word_1_223' title='bbox 63 1888 207 1931; x_wconf 86' lang='lat' dir='ltr'>possibilitate</span> <span class='ocrx_word' id='word_1_224' title='bbox 221 1889 335 1926; x_wconf 88' lang='lat' dir='ltr'>intuitivae</span> <span class='ocrx_word' id='word_1_225' title='bbox 349 1889 389 1926; x_wconf 89' lang='lat' dir='ltr'>Dei</span> <span class='ocrx_word' id='word_1_226' title='bbox 404 1889 496 1926; x_wconf 84' lang='lat' dir='ltr'>visionis</span> <span class='ocrx_word' id='word_1_227' title='bbox 513 1889 593 1926; x_wconf 88' lang='lat' dir='ltr'>dictum</span> <span class='ocrx_word' id='word_1_228' title='bbox 610 1893 650 1934; x_wconf 88' lang='lat' dir='ltr'>est;</span> <span class='ocrx_word' id='word_1_229' title='bbox 664 1889 730 1926; x_wconf 89' lang='lat' dir='ltr'>sicuti</span> <span class='ocrx_word' id='word_1_230' title='bbox 745 1889 782 1927; x_wconf 90' lang='lat' dir='ltr'>illa</span> <span class='ocrx_word' id='word_1_231' title='bbox 798 1892 831 1927; x_wconf 90' lang='lat' dir='ltr'>est</span> <span class='ocrx_word' id='word_1_232' title='bbox 843 1900 888 1933; x_wconf 87' lang='lat' dir='ltr'>my-</span> 
     </span>
    </p>
   </div>
   <div class='ocr_carea' id='block_1_3' title="bbox 64 1960 950 2005">
    <p class='ocr_par' dir='ltr' id='par_1_4' title="bbox 64 1960 950 2005">
     <span class='ocr_line' id='line_1_27' title="bbox 64 1960 950 2005; baseline 0.005 -9"><span class='ocrx_word' id='word_1_233' title='bbox 64 1960 152 1997; x_wconf 84' lang='lat' dir='ltr'>sterium</span> <span class='ocrx_word' id='word_1_234' title='bbox 165 1961 239 1997; x_wconf 91' lang='lat' dir='ltr'>stricte</span> <span class='ocrx_word' id='word_1_235' title='bbox 253 1961 340 2004; x_wconf 87' lang='lat' dir='ltr'>dictum,</span> <span class='ocrx_word' id='word_1_236' title='bbox 351 1962 381 1998; x_wconf 89' lang='lat' dir='ltr'>ita</span> <span class='ocrx_word' id='word_1_237' title='bbox 394 1961 458 1998; x_wconf 89' lang='lat' dir='ltr'>etiam</span> <span class='ocrx_word' id='word_1_238' title='bbox 470 1962 637 1999; x_wconf 87' lang='lat' dir='ltr'>communicatio</span> <span class='ocrx_word' id='word_1_239' title='bbox 649 1965 738 1999; x_wconf 87' lang='lat' dir='ltr'>naturae</span> <span class='ocrx_word' id='word_1_240' title='bbox 752 1961 839 1999; x_wconf 89' lang='lat' dir='ltr'>divinae</span> <span class='ocrx_word' id='word_1_241' title='bbox 849 1972 889 2005; x_wconf 88' lang='lat' dir='ltr'>per</span> <span class='ocrx_word' id='word_1_242' title='bbox 947 1995 950 2001; x_wconf 90' lang='lat'>.</span> 
     </span>
    </p>
   </div>
   <div class='ocr_carea' id='block_1_4' title="bbox 64 2031 345 2074">
    <p class='ocr_par' dir='ltr' id='par_1_5' title="bbox 64 2031 345 2074">
     <span class='ocr_line' id='line_1_28' title="bbox 64 2031 345 2074; baseline 0.004 -7"><span class='ocrx_word' id='word_1_243' title='bbox 64 2032 155 2074; x_wconf 83' lang='lat' dir='ltr'>gratiam</span> <span class='ocrx_word' id='word_1_244' title='bbox 168 2031 345 2069; x_wconf 88' lang='lat' dir='ltr'>sanctificantem.</span> 
     </span>
    </p>
   </div>
   <div class='ocr_carea' id='block_1_5' title="bbox 117 2103 889 2149">
    <p class='ocr_par' dir='ltr' id='par_1_6' title="bbox 117 2103 889 2149">
     <span class='ocr_line' id='line_1_29' title="bbox 117 2103 889 2149; baseline 0.001 -8"><span class='ocrx_word' id='word_1_245' title='bbox 117 2103 228 2141; x_wconf 89' lang='lat' dir='ltr'>Sententia</span> <span class='ocrx_word' id='word_1_246' title='bbox 239 2105 352 2147; x_wconf 88' lang='lat' dir='ltr'>proposita</span> <span class='ocrx_word' id='word_1_247' title='bbox 366 2108 397 2141; x_wconf 91' lang='lat' dir='ltr'>est</span> <span class='ocrx_word' id='word_1_248' title='bbox 410 2104 511 2148; x_wconf 89' lang='lat' dir='ltr'>Suarezii,</span> <span class='ocrx_word' id='word_1_249' title='bbox 523 2116 585 2149; x_wconf 87' lang='lat' dir='ltr'>quem</span> <span class='ocrx_word' id='word_1_250' title='bbox 597 2105 659 2141; x_wconf 92' lang='lat' dir='ltr'>multi</span> <span class='ocrx_word' id='word_1_251' title='bbox 671 2105 695 2141; x_wconf 91' lang='lat' dir='ltr'>in</span> <span class='ocrx_word' id='word_1_252' title='bbox 707 2106 749 2142; x_wconf 87' lang='lat' dir='ltr'>hac</span> <span class='ocrx_word' id='word_1_253' title='bbox 761 2116 784 2142; x_wconf 93' lang='lat' dir='ltr'>re</span> <span class='ocrx_word' id='word_1_254' title='bbox 798 2116 889 2149; x_wconf 85' lang='lat' dir='ltr'>sequun-</span> 
     </span>
    </p>
   </div>
   <div class='ocr_carea' id='block_1_6' title="bbox 64 2175 889 2221">
    <p class='ocr_par' dir='ltr' id='par_1_7' title="bbox 64 2175 889 2221">
     <span class='ocr_line' id='line_1_30' title="bbox 64 2175 889 2221; baseline 0.004 -10"><span class='ocrx_word' id='word_1_255' title='bbox 64 2178 105 2211; x_wconf 90' lang='lat' dir='ltr'>tur.</span> <span class='ocrx_word' id='word_1_256' title='bbox 117 2175 166 2219; x_wconf 90' lang='lat' dir='ltr'>Ipse</span> <span class='ocrx_word' id='word_1_257' title='bbox 180 2186 227 2212; x_wconf 89' lang='lat' dir='ltr'>eam</span> <span class='ocrx_word' id='word_1_258' title='bbox 240 2176 270 2213; x_wconf 87' lang='lat' dir='ltr'>ita</span> <span class='ocrx_word' id='word_1_259' title='bbox 283 2175 365 2213; x_wconf 87' lang='lat' dir='ltr'>reddit:</span> <span class='ocrx_word' id='word_1_260' title='bbox 381 2176 455 2213; x_wconf 74' lang='lat' dir='ltr'>«Vera</span> <span class='ocrx_word' id='word_1_261' title='bbox 468 2186 518 2220; x_wconf 80' lang='lat' dir='ltr'>ergo</span> <span class='ocrx_word' id='word_1_262' title='bbox 532 2177 659 2214; x_wconf 84' lang='lat' dir='ltr'>excellentia</span> <span class='ocrx_word' id='word_1_263' title='bbox 671 2177 752 2220; x_wconf 82' lang='lat' dir='ltr'>gratiae</span> <span class='ocrx_word' id='word_1_264' title='bbox 765 2177 889 2221; x_wconf 84' lang='lat' dir='ltr'>habitualis,</span> 
     </span>
    </p>
   </div>
   <div class='ocr_carea' id='block_1_7' title="bbox 64 2247 889 2510">
    <p class='ocr_par' dir='ltr' id='par_1_8' title="bbox 64 2247 889 2510">
     <span class='ocr_line' id='line_1_31' title="bbox 64 2247 889 2292; baseline 0.004 -9"><span class='ocrx_word' id='word_1_265' title='bbox 64 2250 232 2291; x_wconf 86' lang='lat' dir='ltr'>propterquam</span> <span class='ocrx_word' id='word_1_266' title='bbox 249 2247 330 2285; x_wconf 90' lang='lat' dir='ltr'>dicitnr</span> <span class='ocrx_word' id='word_1_267' title='bbox 345 2258 392 2285; x_wconf 89' lang='lat' dir='ltr'>esse</span> <span class='ocrx_word' id='word_1_268' title='bbox 407 2248 522 2292; x_wconf 76' lang='lat' dir='ltr'>singularis</span> <span class='ocrx_word' id='word_1_269' title='bbox 538 2248 678 2292; x_wconf 90' lang='lat' dir='ltr'>participatio</span> <span class='ocrx_word' id='word_1_270' title='bbox 696 2249 783 2286; x_wconf 86' lang='lat' dir='ltr'>divinae</span> <span class='ocrx_word' id='word_1_271' title='bbox 800 2252 889 2286; x_wconf 87' lang='lat' dir='ltr'>naturae</span> 
     </span>
     <span class='ocr_line' id='line_1_32' title="bbox 66 2319 889 2366; baseline 0.005 -12"><span class='ocrx_word' id='word_1_272' title='bbox 66 2321 103 2361; x_wconf 90' lang='lat' dir='ltr'>est,</span> <span class='ocrx_word' id='word_1_273' title='bbox 119 2329 182 2363; x_wconf 85' lang='lat' dir='ltr'>quam</span> <span class='ocrx_word' id='word_1_274' title='bbox 198 2319 221 2355; x_wconf 90' lang='lat' dir='ltr'>in</span> <span class='ocrx_word' id='word_1_275' title='bbox 235 2319 278 2356; x_wconf 89' lang='lat' dir='ltr'>fine</span> <span class='ocrx_word' id='word_1_276' title='bbox 291 2319 343 2356; x_wconf 91' lang='lat' dir='ltr'>libri</span> <span class='ocrx_word' id='word_1_277' title='bbox 356 2320 508 2363; x_wconf 91' lang='lat' dir='ltr'>praecedentis</span> <span class='ocrx_word' id='word_1_278' title='bbox 524 2320 625 2364; x_wconf 81' lang='lat' dir='ltr'>explicui,</span> <span class='ocrx_word' id='word_1_279' title='bbox 640 2321 751 2365; x_wconf 89' lang='lat' dir='ltr'>nimirum,</span> <span class='ocrx_word' id='word_1_280' title='bbox 766 2323 824 2366; x_wconf 86' lang='lat' dir='ltr'>quia,</span> <span class='ocrx_word' id='word_1_281' title='bbox 841 2333 889 2358; x_wconf 93' lang='lat' dir='ltr'>cum</span> 
     </span>
     <span class='ocr_line' id='line_1_33' title="bbox 65 2390 889 2437; baseline 0.005 -11"><span class='ocrx_word' id='word_1_282' title='bbox 65 2393 141 2427; x_wconf 88' lang='lat' dir='ltr'>natura</span> <span class='ocrx_word' id='word_1_283' title='bbox 160 2390 235 2428; x_wconf 86' lang='lat' dir='ltr'>divina</span> <span class='ocrx_word' id='word_1_284' title='bbox 254 2391 283 2428; x_wconf 91' lang='lat' dir='ltr'>sit</span> <span class='ocrx_word' id='word_1_285' title='bbox 301 2391 406 2435; x_wconf 84' lang='lat' dir='ltr'>quaedam</span> <span class='ocrx_word' id='word_1_286' title='bbox 424 2392 577 2430; x_wconf 87' lang='lat' dir='ltr'>intellectualis</span> <span class='ocrx_word' id='word_1_287' title='bbox 596 2395 673 2430; x_wconf 88' lang='lat' dir='ltr'>natura</span> <span class='ocrx_word' id='word_1_288' title='bbox 694 2393 777 2431; x_wconf 88' lang='lat' dir='ltr'>altioris</span> <span class='ocrx_word' id='word_1_289' title='bbox 798 2393 889 2437; x_wconf 85' lang='lat' dir='ltr'>ordinis,</span> 
     </span>
     <span class='ocr_line' id='line_1_34' title="bbox 65 2462 889 2510; baseline 0.005 -12"><span class='ocrx_word' id='word_1_290' title='bbox 65 2472 129 2505; x_wconf 88' lang='lat' dir='ltr'>quam</span> <span class='ocrx_word' id='word_1_291' title='bbox 146 2462 174 2499; x_wconf 92' lang='lat' dir='ltr'>sit</span> <span class='ocrx_word' id='word_1_292' title='bbox 190 2463 224 2499; x_wconf 90' lang='lat' dir='ltr'>vel</span> <span class='ocrx_word' id='word_1_293' title='bbox 242 2474 288 2500; x_wconf 89' lang='lat' dir='ltr'>esse</span> <span class='ocrx_word' id='word_1_294' title='bbox 305 2463 374 2507; x_wconf 89' lang='lat' dir='ltr'>possit</span> <span class='ocrx_word' id='word_1_295' title='bbox 389 2463 433 2500; x_wconf 89' lang='lat' dir='ltr'>ulla</span> <span class='ocrx_word' id='word_1_296' title='bbox 451 2463 570 2502; x_wconf 89' lang='lat' dir='ltr'>substantia</span> <span class='ocrx_word' id='word_1_297' title='bbox 588 2464 740 2502; x_wconf 87' lang='lat' dir='ltr'>intellectualis</span> <span class='ocrx_word' id='word_1_298' title='bbox 758 2469 835 2510; x_wconf 89' lang='lat' dir='ltr'>creata,</span> <span class='ocrx_word' id='word_1_299' title='bbox 853 2466 889 2502; x_wconf 90' lang='lat' dir='ltr'>ille</span> 
     </span>
    </p>
   </div>
   <div class='ocr_carea' id='block_1_8' title="bbox 114 2636 359 2737">
    <p class='ocr_par' dir='ltr' id='par_1_9' title="bbox 114 2636 359 2737">
     <span class='ocr_line' id='line_1_35' title="bbox 114 2636 251 2677; baseline 0.015 -9"><span class='ocrx_word' id='word_1_300' title='bbox 114 2641 142 2662; x_wconf 71' lang='lat'>1³4</span> <span class='ocrx_word' id='word_1_301' title='bbox 155 2637 163 2669; x_wconf 84' lang='lat'>1</span> <span class='ocrx_word' id='word_1_302' title='bbox 174 2637 196 2670; x_wconf 84' lang='lat'>10</span> <span class='ocrx_word' id='word_1_303' title='bbox 207 2636 223 2677; x_wconf 88' lang='lat'>3,</span> <span class='ocrx_word' id='word_1_304' title='bbox 234 2638 251 2670; x_wconf 89' lang='lat'>2.</span> 
     </span>
     <span class='ocr_line' id='line_1_36' title="bbox 114 2696 359 2737; baseline 0.008 -9"><span class='ocrx_word' id='word_1_305' title='bbox 114 2701 141 2723; x_wconf 72' lang='lat'>1³⁵</span> <span class='ocrx_word' id='word_1_306' title='bbox 155 2696 221 2736; x_wconf 89' lang='lat' dir='ltr'>Pesch‚</span> <span class='ocrx_word' id='word_1_307' title='bbox 232 2700 280 2730; x_wconf 92' lang='lat' dir='ltr'>tom.</span> <span class='ocrx_word' id='word_1_308' title='bbox 291 2697 308 2737; x_wconf 82' lang='lat'>5,</span> <span class='ocrx_word' id='word_1_309' title='bbox 319 2697 359 2731; x_wconf 81' lang='lat'>341.</span> 
     </span>
    </p>
   </div>
   <div class='ocr_carea' id='block_1_9' title="bbox 0 0 991 3093">
    <p class='ocr_par' dir='ltr' id='par_1_10' title="bbox 0 0 991 3093">
     <span class='ocr_line' id='line_1_37' title="bbox 0 0 991 3093; baseline 0 0"><span class='ocrx_word' id='word_1_310' title='bbox 0 0 991 3093; x_wconf 95' lang='lat' dir='ltr'> </span> 
     </span>
    </p>
   </div>
  </div>
 </body>
</html>
