1952 3093
434 69 513 107 -an
528 91 555 97 -
587 41 589 43 ’

76 185 227 223 scrutabillora
245 189 296 223 sunt
311 186 393 224 iudicia
410 188 503 225 Dei»⁸⁹.
519 187 552 225 lbi
570 196 620 230 ergo
638 188 755 225 secundum
774 200 790 225 5,
806 181 903 232 Augusti-

76 270 126 297 num
141 263 173 297 est
187 261 314 304 mysterium
328 262 392 300 nobis
406 263 564 307 absconditum,
579 266 598 299 et
611 263 652 299 hoc
668 263 793 306 mysterium
807 264 903 307 perfecte

76 338 148 373 manet
163 336 185 372 in
201 340 276 374 nostra
291 337 397 376 doctrina.

126 420 148 462 3)
164 420 236 458 Gratia
254 421 363 459 sufficiens
380 423 498 460 secundum
516 422 572 460 hanc
588 422 710 459 doctrinam
728 423 790 460 datur
806 435 831 459 ex
848 424 903 460 seria

77 494 186 530 voluntate
204 494 243 530 Dei
261 493 363 550 salvifica,
381 500 404 532 ut
422 496 486 532 homo
503 496 538 531 illa
557 498 638 538 utatur3
657 494 721 532 habet
739 505 789 539 ergo
805 506 855 533 vere
872 506 904 532 ra-

77 566 159 603 tionem
174 566 281 604 beneficii.
299 567 346 605 Hoc
363 568 402 604 Dei
420 568 548 605 beneficium
566 571 638 604 manet
656 568 744 611 quidem
762 568 808 605 sine
826 569 904 611 fructu,

77 639 146 682 gratia
158 642 231 676 manet
245 649 303 677 mere
317 640 432 684 sufficiens,
447 641 485 678 sed
500 651 543 677 non
558 652 583 677 ex
597 651 628 683 eo,
641 641 700 684 quod
714 640 757 683 ipsi
771 640 852 684 gratiae
868 641 904 678 ali-

77 711 131 755 quid
144 711 205 755 desit,
219 711 257 749 sed
271 724 297 750 ex
310 713 374 756 culpa
388 713 490 757 hominis,
503 713 540 756 qui
554 723 603 749 eum
617 713 654 749 illa
668 713 839 756 cooperarinon
853 713 905 756 vult,

77 784 176 827 quamvis
190 788 269 828 posset,
282 784 300 821 si
315 785 385 822 vellet.
400 785 529 822 Beneficium
544 787 614 822 autem
627 794 671 822 non
684 789 753 822 cessat
768 796 813 822 esse
828 785 904 822 beneti-

78 856 142 900 cium,
158 857 238 901 siquis
253 858 291 894 illo
304 858 335 894 uti
350 868 393 895 non
409 858 463 902 rult;
479 868 547 901 neque
563 868 588 894 ex
603 869 628 895 eo
642 858 701 901 quod
715 857 780 895 homo
794 857 845 895 huic
860 868 905 901 gra-

78 929 120 966 tiae
134 940 177 966 non
191 929 235 966 vult
250 930 370 973 cooperari,
384 930 502 974 quidquam
514 930 597 966 tollitur
610 941 672 967 verae
687 930 827 967 sufficientiae
841 930 905 967 huius

79 1001 187 1038 3111111110.

134 1085 153 1126 4)
169 1085 258 1129 Triplex
275 1085 420 1123 infallibilitas
438 1096 505 1122 nexus
521 1085 602 1128 gratiae
619 1075 713 1122 efficacis
730 1085 753 1121 in
771 1088 820 1123 actu
836 1085 906 1129 primo

80 1169 128 1194 cum
142 1158 214 1194 futuro
229 1162 276 1194 actu
292 1158 391 1195 salutari:
406 1158 525 1202 Antequam
538 1158 603 1195 homo
618 1168 692 1195 revera
707 1161 777 1195 actum
792 1159 906 1212 salutarem

80 1230 143 1273 ponit
160 1230 197 1267 ille
216 1237 284 1267 nexus
302 1230 395 1274 exsistit3
415 1230 485 1273 posita
502 1230 543 1266 hac
561 1230 629 1273 gratia
648 1229 794 1267 infallibiliter
811 1229 907 1274 sequitur

81 1305 140 1339 actus
158 1302 334 1339 salonitanam
352 1302 504 1340 antecedenter
520 1302 548 1339 ad
565 1302 636 1345 ipsum
652 1305 723 1339 aetum
739 1302 837 1346 vabsolute
852 1302 907 1339 futu-

80 1385 127 1411 rum
141 1375 184 1411 iam
198 1385 272 1411 verum
287 1377 328 1411 est:
345 1375 363 1411 51
377 1374 464 1411 daretur
475 1374 529 1410 haec
542 1374 617 1418 gratia,
630 1373 730 1411 effectum
743 1375 858 1411 salutarem
871 1374 907 1411 ha·

80 1446 149 1491 beret;
166 1456 216 1490 ergo
231 1447 249 1482 st
265 1447 322 1483 Deus
337 1446 433 1483 absolute
450 1446 547 1483 decernit
561 1446 619 1483 lianc
632 1446 723 1490 gratiam
740 1447 797 1489 dare,
812 1446 907 1484 absolute

81 1529 155 1556 verum
175 1522 206 1556 est
226 1529 356 1556 consensum
376 1529 421 1555 esse
439 1518 535 1556 absolute
555 1518 649 1555 futurum
673 1518 827 1559 (infallibilitas
846 1528 907 1555 cone-

81 1591 153 1628 xionis
168 1590 295 1635 obiectiva)3
312 1591 370 1627 Deus
386 1593 506 1634 antequam*
516 1589 612 1627 absolute
630 1590 727 1627 decernit
743 1591 800 1627 hanc
816 1590 907 1634 gratiam

82 1663 140 1707 dare,
153 1663 301 1700 infallibiliter
312 1663 353 1700 scit
367 1673 420 1707 eam,
434 1662 452 1699 si
465 1663 533 1706 datur,
547 1663 641 1699 futuram
655 1673 701 1699 esse
715 1661 823 1699 efficacem
838 1662 909 1703 (infal-

80 1735 171 1772 libilitas
187 1735 315 1773 conexionis
329 1734 495 1778 cognoscitiva};
510 1734 567 1771 Deus
582 1734 650 1772 libere
665 1735 710 1771 vult
725 1734 776 1772 dare
791 1734 848 1771 hanc
863 1743 909 1777 gra·

82 1807 140 1852 tiam,
154 1818 218 1851 quarn
232 1808 274 1844 scit
287 1818 333 1844 esse
346 1806 484 1843 coniunctam
499 1809 547 1843 cuin
561 1809 612 1843 actu
622 1806 718 1849 salutari,
730 1817 795 1851 quarn
809 1806 850 1843 scit
863 1817 908 1843 esse

82 1879 189 1917 efficacem
207 1879 363 1921 (infallibilitas
377 1878 504 1916 conexionis
517 1878 633 1921 affectiva).
647 1878 702 1922 Ergo
716 1881 830 1923 antequam
844 1878 909 1915 homo

83 1954 131 1989 actu
147 1952 275 1995 consentiat,
291 1952 314 1987 in
331 1954 380 1988 actu
394 1951 472 1995 primo,
488 1951 532 1987 iam
547 1950 694 1988 infallibiliter
708 1953 790 1987 certum
807 1954 838 1987 est
852 1950 909 1987 hanc

82 2025 173 2068 gratiam
190 2035 236 2062 esse
252 2024 367 2067 efficacem,
383 2027 403 2060 et
420 2022 567 2066 metaphysice
584 2026 695 2067 repugnat,
712 2023 761 2060 data
777 2022 818 2059 hac
834 2023 909 2066 gratia,

77 2094 126 2133 'non
145 2097 205 2140 sequi
225 2099 296 2133 actum
313 2096 435 2138 salutarem,
454 2095 518 2132 sicuti
535 2094 683 2138 metaphysice
701 2097 807 2138 repugnat
824 2095 848 2131 id
866 2104 908 2132 non

83 2180 129 2206 esse
141 2179 223 2211 verum,
235 2169 293 2212 quod
306 2168 363 2205 Deus
377 2178 451 2204 verum
464 2178 509 2204 esse
523 2168 640 2210 cognoscit.
654 2166 700 2204 Non
716 2170 785 2203 autern
800 2165 911 2203 derivatur

84 2242 137 2278 haec
152 2241 298 2278 infallibilitas
312 2252 338 2276 ex
353 2240 439 2276 interna
455 2242 531 2276 natura
544 2239 631 2283 gratiae.

137 2325 157 2367 b)
172 2326 303 2362 Libertatem
321 2326 416 2362 creatam
433 2323 515 2360 servari
532 2326 596 2367 patet,
615 2334 663 2360 nam
683 2323 738 2359 nihil
756 2326 793 2365 est,
811 2323 869 2367 quod
887 2323 909 2359 in

86 2400 146 2443 signo
164 2399 304 2437 antecedente
323 2400 350 2437 ad
368 2409 430 2436 usum
447 2397 511 2435 liberi
530 2398 615 2435 arbitrii
633 2399 756 2435 facultatem
774 2397 865 2434 liberam
885 2398 911 2434 ad

85 2485 151 2512 unum
165 2474 255 2519 physice
270 2474 406 2511 determinet⁴

133 2670 152 2692 ⁸⁹
164 2666 192 2699 De
205 2667 256 2699 dono
270 2666 434 2706 perseverantiae,
449 2666 465 2703 9,
480 2665 511 2702 21:
528 2666 560 2698 ltlL
575 2666 597 2697 45
613 2665 668 2703 1004;
684 2667 700 2698 R
716 2665 767 2698 1995.

133 2731 153 2753 ³⁰
166 2727 229 2767 Supra
243 2734 286 2766 pag.
302 2726 336 2760 335
352 2737 366 2759 s.
