1952 3093
418 48 540 87 -153-

68 178 144 216 desua
159 172 228 216 gratia
244 172 362 209 formidare
378 174 398 208 et
413 172 488 208 timere
505 173 581 214 potest,
598 182 646 207 curn
663 170 734 208 nullus
751 170 806 207 scire
824 169 893 206 valeat

70 234 198 285 certitudine
208 244 266 287 fidei,
278 243 313 280 cui
325 253 368 280 non
381 246 452 286 potest
463 242 550 280 subesse
561 243 646 285 falsum,
659 253 681 278 se
694 241 785 286 gratian]
797 241 837 278 Dei
850 253 896 277 esse

70 319 208 357 consecutum
217 329 227 352 »
236 320 260 353 4³.
274 339 301 343 —
316 315 367 353 Can.
384 314 419 353 12:
439 314 480 352 «Si
496 315 544 360 quis
561 314 647 358 dixerit,
662 314 727 351 fidem
742 312 896 351 iustificantem

70 391 124 429 nihil
141 389 200 427 aliud
215 400 260 427 esse
276 400 341 434 quam
356 388 458 426 fiduciam
476 388 563 425 divinae
578 387 742 425 misericordiae
758 379 848 431 peecata
865 397 896 423 re-

69 462 173 502 mittentis
189 465 279 505 propter
295 461 410 504 Christum,
425 461 459 498 vel
473 472 521 509 eam
536 460 638 498 fiduciam
655 461 722 498 solam
738 471 791 504 esse,
806 471 848 504 qua
865 460 895 496 iu-

70 534 197 572 stificamurt
215 533 238 571 A.
254 533 293 570 S.»
309 556 336 560 =
352 532 402 570 Can.
420 533 455 569 13:
474 532 516 570 «si
531 533 579 577 quis
596 533 677 569 dixerit
692 533 752 569 omni
766 532 851 570 homini
868 531 895 568 ad

69 606 218 651 remissionem
232 608 371 649 peccatorum
386 604 542 649 assequendam
556 604 702 641 necessarium
718 614 770 646 esse,
784 607 808 640 ut
821 603 896 640 credat

69 682 127 718 certo
141 681 161 717 et
174 678 254 723 absque
267 679 311 715 ulla
323 677 466 715 haesitatione
479 677 581 721 propriae
596 676 729 714 infirmitatis
743 680 763 713 et
777 676 895 720 indisposi-

70 751 141 794 tionis,
158 754 247 795 peccata
266 751 309 787 sibi
327 762 373 787 esse
390 751 491 787 remissa:
513 749 536 787 A.
555 749 594 788 S.»
613 772 640 777 ψ
659 748 709 787 Can.
729 750 764 787 14:
787 749 828 786 «Si
846 749 895 793 quis

70 823 149 861 dixerit
165 823 276 860 hominem
294 834 306 859 a
321 823 417 865 peccatis
435 822 517 859 absolvi
535 833 559 859 ac
577 822 689 859 iustificari
707 834 732 858 ex
751 832 782 865 eo,
798 822 856 866 quod
873 833 895 858 se

70 894 151 932 absolvi
168 904 193 930 ac
209 894 323 931 iustificari
339 897 398 931 certo
414 894 494 937 credat,
512 897 547 930 aut
564 894 673 930 neminem
691 904 737 930 esse
754 904 803 931 vere
821 893 895 930 iustiti—

70 970 147 1011 catum‚
161 966 204 1004 nisi
217 967 254 1012 qui
269 966 339 1004 cred-it
353 978 374 1003 se
388 976 434 1003 esse
447 965 592 1009 iustificatum,
606 968 626 1002 et
640 965 681 1003 hac
697 966 742 1002 sola
756 964 797 1002 fide
812 965 896 1010 absolu-

71 1041 151 1078 tionem
168 1043 188 1076 et
201 1039 376 1077 iustificationem
393 1038 479 1083 perfici:
498 1038 521 1075 A.
538 1038 557 1077 S.
566 1051 576 1075 »
584 1042 609 1075 4⁶.

403 1267 422 1305 S.
436 1267 556 1305 Sennium

122 1417 154 1454 Ex
166 1428 208 1455 una
219 1421 280 1461 parte
292 1419 364 1455 nullus
375 1419 486 1455 invenitur
497 1422 566 1456 textus
579 1431 595 1455 s.
608 1419 739 1462 Scripturae,
751 1430 794 1462 quo
806 1418 897 1462 propria

71 1490 153 1526 iustitia
169 1493 192 1525 ui
210 1490 318 1526 obiectum
333 1490 384 1526 fidei
401 1491 541 1534 proponitur;
559 1502 585 1527 ex
602 1492 668 1527 altera
683 1493 745 1533 parte
761 1502 786 1527 ea
803 1490 896 1534 positive

70 1561 138 1605 docet,
154 1571 208 1605 quae
225 1560 289 1597 fidem
305 1560 428 1597 fiducialem
445 1562 548 1605 propriae
564 1561 724 1598 iustificationis
740 1562 865 1599 excludunt.

123 1633 171 1670 Phil
189 1633 207 1678 2,
227 1633 262 1671 12:
285 1644 352 1671 «cum
372 1637 429 1671 metu
449 1638 468 1671 et
487 1636 580 1672 tremore
599 1637 692 1672 uestram
711 1635 801 1671 salntem
820 1645 895 1678 opera-

69 1705 149 1743 mini».
160 1705 224 1743 Fides
236 1709 306 1743 autem
317 1706 425 1743 fiducialis
437 1711 517 1744 metum
530 1711 551 1744 et
561 1711 677 1744 tremorem
689 1707 779 1751 proprie
792 1707 894 1744 excludit.

68 1800 95 1804 -
106 1777 162 1815 Prov
175 1777 206 1820 20,
219 1778 241 1814 9:
258 1778 329 1821 «Quis
342 1781 413 1821 potest
426 1778 509 1815 dicere:
525 1779 629 1815 mundum
643 1783 675 1816 est
687 1790 725 1816 cor
736 1790 814 1823 meum,
827 1790 894 1822 purus

70 1859 116 1884 sum
131 1860 143 1884 a
158 1848 280 1891 peccator»
297 1849 338 1892 Qui
354 1849 418 1887 habet
433 1850 498 1886 fidem
513 1850 637 1886 fiducialem
653 1851 694 1887 hoc
711 1851 798 1887 deberet
816 1851 895 1891 dicere,

70 1921 91 1956 in
104 1923 208 1965 quantuni
219 1920 307 1959 omnino
319 1921 440 1958 libertatem
452 1933 464 1958 a
476 1926 565 1965 peceato
578 1922 678 1959 admittit.
689 1945 717 1949 ——
729 1921 740 1958 2
754 1922 812 1959 Petri
826 1923 843 1966 1,
857 1922 892 1959 10:

72 1993 226 2038 «Quapropter
241 1993 318 2031 fratres
333 1994 401 2038 magis
416 1995 505 2038 satagite
520 1998 543 2032 ut
558 1995 668 2038 perbona
683 2005 749 2039 opera
766 1999 848 2032 certain
862 2006 896 2032 ve—

71 2068 135 2102 stram
147 2067 283 2103 rooationem
296 2070 316 2103 et
328 2066 455 2104 electionem
467 2067 552 2104 faciatis
561 2081 578 2103 x.
591 2067 646 2110 Ergo
659 2068 728 2111 gratia
741 2078 784 2104 non
798 2071 896 2105 servatur

72 2138 116 2173 sola
131 2137 173 2175 fide
188 2137 291 2175 fiduciali.
349 2138 412 2175 Ecele
428 2139 446 2181 9,
463 2139 485 2175 1:
506 2139 578 2176 «Sunt
595 2139 645 2176 iusti
663 2143 726 2182 atque
744 2140 860 2183 sapientes,
877 2143 896 2176 et

71 2218 135 2249 opera
149 2219 223 2245 eorum
237 2209 260 2245 in
273 2219 338 2245 manu
350 2209 400 2245 Dei:
416 2212 437 2246 et
451 2213 522 2246 tamen
536 2211 605 2247 nescit
618 2211 683 2247 homo
697 2214 769 2246 utrum
782 2222 854 2248 amore
868 2222 895 2247 an

71 2280 121 2318 odio
135 2281 212 2325 dignus
225 2281 279 2319 sit».
292 2281 393 2325 Quamvis
406 2285 476 2320 textus
490 2283 579 2326 proprie
592 2292 635 2321 non
649 2286 697 2327 agat
710 2283 736 2320 de
748 2286 822 2321 nostra
833 2294 896 2328 quae-

72 2353 141 2391 stione
156 2355 233 2398 (neque
244 2365 339 2392 amorem
350 2365 419 2399 neque
431 2355 505 2392 odium
516 2356 557 2392 scit
568 2355 647 2397 horno),
660 2356 682 2392 in
695 2356 813 2394 traditione
825 2359 896 2393 tamen

72 2426 157 2468 saepius
172 2426 199 2463 ad
213 2427 271 2463 hanc
285 2427 397 2463 materiam
413 2428 542 2470 applicatur.
558 2428 577 2465 S.
592 2428 737 2465 Hinuoitrnus
754 2440 802 2465 eum
816 2429 846 2465 ita
862 2440 896 2465 ex-

72 2495 148 2536 plicat:
163 2509 179 2532 ⁴«
187 2497 255 2534 Porro
271 2498 308 2534 hic
326 2509 401 2534 sensus
417 2502 458 2535 est:
478 2498 548 2535 Etiam
566 2500 588 2534 in
606 2499 648 2535 hoc
666 2500 716 2536 dedi
735 2511 773 2537 cor
789 2511 860 2536 meum
877 2503 897 2536 et

120 2645 137 2664 4³¹
152 2641 209 2673 Dona,
222 2642 262 2673 802.

119 2705 136 2725 4¹³
150 2701 207 2733 Denz,
219 2702 252 2733 822
266 2711 291 2734 ss.
