1952 3093
370 14 479 52 -29-

14 143 125 183 fastidium
143 144 199 182 lucis
216 147 237 183 et
255 145 381 190 sapientiae,
402 146 491 184 dilectio
509 151 580 185 autem
599 148 680 185 error-is
698 160 723 185 ac
742 148 839 186 tenebra-

14 228 66 260 rum,
82 217 132 261 iuga
150 221 170 255 et
185 218 318 256 abominatio
335 219 442 257 bonorum
460 231 556 265 operum,
573 232 648 259 cursus
666 225 736 259 autem
753 223 781 259 ad
799 233 841 259 ma·
874 246 876 249 >

13 293 76 328 lum...
91 290 159 334 Igitur
174 290 230 329 sicut
245 292 330 336 antiqui
345 295 418 336 patres
435 294 504 330 sancti
521 298 578 331 recte
596 294 708 331 dixerunt:
726 294 841 332 Peccatum

14 363 67 400 illud
81 363 173 407 originis
189 367 220 402 est
235 364 282 408 ipse
297 365 373 409 fornes,
387 366 422 402 lex
438 366 517 410 carnis,
532 368 567 404 lex
583 368 735 415 membrorum,
750 368 841 411 languor

14 439 108 479 naturae,
123 439 235 482 tyrannus,
251 438 339 475 morbus
356 438 447 482 originis
465 442 548 476 ercan

66 508 124 546 Haec
141 512 212 546 autern
230 511 409 554 concupiscentia
426 523 476 548 vere
494 514 613 556 peccatum,
631 513 700 556 culpa,
719 516 756 556 est,
774 524 840 557 eaque

13 584 85 619 manet
100 581 165 619 etiam
181 585 231 626 post
245 583 384 626 baptismum.
401 583 470 621 «Sci0
487 587 563 629 autern,
580 585 633 629 quid
649 586 686 622 hic
703 585 757 622 mihi
774 596 841 629 oppo-

13 654 75 691 situri
88 654 137 698 sint,
151 655 236 692 scilicet
249 656 322 693 omnia
335 667 389 700 quae
405 656 463 693 dicta
478 660 542 693 sunt²
556 658 648 701 probare
663 669 706 695 non
720 661 840 701 peccatum,
896 656 898 658 ’

13 727 51 765 sed
67 727 174 765 defectum
189 739 227 765 seu
242 727 390 766 infirmitatem
406 729 429 765 in
446 729 509 766 nobis
526 730 620 774 relinqui
636 733 685 773 post
701 730 841 774 baptismum.

13 800 48 836 Sic
63 799 121 837 enim
135 800 233 837 fomitem
248 804 268 838 et
282 801 395 844 passiones
410 801 482 839 carnis
498 805 596 840 vocant...
611 802 696 846 Verum,
710 804 768 847 quod
784 803 841 840 dele-

13 875 71 909 ctum
87 872 119 910 sic
136 873 253 917 appellant,
270 876 294 911 ut
309 877 422 917 peccatum
440 885 486 912 esse
503 878 581 918 negent
598 878 618 912 et
635 886 678 912 non
698 876 783 918 culpam
802 875 839 912 sed

12 955 105 988 poenam
124 948 207 983 tantum
225 946 310 989 peccati
329 957 375 984 esse
392 947 466 990 velint,
485 947 598 984 admittere
617 958 660 984 non
679 958 787 990 possum...
806 948 841 983 Vi-

14 1017 101 1054 deamus
119 1020 196 1061 autem,
214 1029 256 1062 qua
273 1018 358 1056 ratione
375 1022 509 1062 moveantur,
527 1023 550 1056 ut
568 1023 645 1063 negent
663 1022 776 1063 peccatum
796 1019 840 1057 dici

12 1089 117 1133 reliquam
131 1090 239 1133 baptismo
251 1090 373 1128 libidinem.
386 1091 466 1127 Dicunt
481 1091 538 1128 enim
551 1091 655 1134 baptismi
669 1091 772 1128 iniuriam
787 1103 840 1134 esse,

13 1162 31 1198 si
49 1171 93 1199 non
113 1154 210 1199 omnium
229 1165 368 1206 peccatorum
387 1163 482 1200 tribuere
503 1163 588 1200 dicatur
607 1163 764 1207 remissionem,
785 1164 841 1200 sicut

12 1234 77 1272 habet
88 1233 142 1271 fides
156 1234 264 1272 catholica
276 1234 386 1272 Ecclesiae
401 1239 421 1272 et
435 1238 533 1272 sanctum
546 1235 694 1279 Evangelium.
708 1235 730 1273 Si
745 1246 794 1279 ergo
809 1248 841 1273 re-

13 1307 79 1344 missa
95 1310 145 1344 sunt
160 1307 233 1344 omnia
249 1309 345 1353 peccata,
360 1308 419 1352 quod
435 1307 542 1351 reliquum
558 1311 589 1345 est
603 1311 717 1351 peccatum
735 1308 779 1345 dici
796 1318 840 1345 non

14 1379 82 1416 debet.
97 1379 237 1423 Respondeo:
256 1379 313 1434 Quid
328 1380 365 1417 hic
381 1380 453 1417 dicere
469 1390 564 1424 possum,
580 1380 623 1417 nisi
639 1381 697 1424 quod
714 1380 840 1424 urgentibus

13 1451 89 1488 eodem
107 1454 232 1494 argumento
249 1451 370 1495 Pelagianis
389 1451 519 1495 Augustinus
538 1450 607 1488 dixit?
625 1452 709 1489 scilicet
727 1455 840 1495 peccatum

13 1513 94 1560 remitti
107 1534 149 1568 quo
162 1524 190 1561 ad
203 1527 292 1568 reatum,
304 1524 342 1561 sed
354 1534 398 1561 non
411 1535 453 1568 quo
466 1524 493 1561 ad
507 1527 584 1567 actum,
599 1535 635 1561 seu
649 1527 672 1560 ut
685 1523 754 1567 ipsius
768 1524 840 1561 verbis

13 1599 66 1639 utar,
77 1595 192 1633 Peccatum
204 1596 263 1633 istud
274 1599 335 1634 reatu
346 1596 431 1640 transit,
444 1599 492 1633 actu
504 1599 582 1633 manet.
596 1595 655 1633 Sicut
669 1596 733 1640 enim,
746 1599 769 1633 ut
782 1597 840 1633 idern

14 1668 49 1712 ait,
64 1668 152 1713 aliquod
167 1671 280 1712 peccatum
295 1669 373 1705 transit
388 1671 437 1705 actu
453 1672 473 1705 et
487 1671 559 1705 manet
574 1672 634 1705 reatu
651 1668 716 1710 (sicut
731 1672 763 1706 est
777 1679 840 1705 omne

14 1740 111 1784 actuale),
125 1741 155 1777 ita
170 1744 258 1778 econ-tra
273 1741 315 1778 hoc
330 1740 421 1784 originis
437 1743 550 1784 peccatum
565 1740 643 1777 transit
658 1743 719 1777 reatu
735 1744 755 1778 et
769 1743 841 1777 manet

13 1815 68 1850 actu.
80 1812 137 1850 Ecce
150 1823 194 1851 non
207 1816 270 1857 negat
284 1824 330 1851 esse
342 1816 462 1857 peccatum,
476 1824 516 1850 nec
531 1812 584 1849 dicit
597 1813 666 1850 solum
682 1813 790 1849 defectum
806 1816 841 1849 aut

13 1896 105 1928 poenam
122 1897 174 1929 esse,
190 1886 228 1923 sed
243 1881 357 1929 peccatum
373 1889 421 1923 actu
438 1889 458 1923 et
472 1895 521 1922 vere
538 1880 627 1922 esseest.

66 1957 157 1995 Peccato
174 1957 276 2001 originali
292 1958 357 1995 homo
372 1957 462 1995 omnino
479 1961 511 1995 est
527 1956 621 1995 vitiatus.
638 1957 728 1994 «Iustus
745 1957 767 1993 in
783 1957 841 1994 bono

13 2040 78 2073 opere
91 2033 168 2074 peccat
182 2030 345 2068 mortaliterat.
357 2030 478 2067 Articulum
494 2030 518 2067 35
534 2040 545 2066 a
561 2029 647 2066 Summo
663 2028 767 2067 Pontifice
784 2029 841 2066 dam-

13 2106 98 2140 natum:
113 2115 124 2138 «
132 2102 200 2140 Nemo
213 2106 245 2139 est
255 2105 332 2146 certus,
346 2114 368 2139 se
380 2113 424 2139 non
437 2113 522 2145 semper
534 2112 625 2145 peccare
639 2101 765 2144 mortaliter,
777 2112 841 2144 prop-

13 2177 46 2212 ter
61 2174 232 2213 occultissimum
247 2174 361 2219 superbiae
376 2175 473 2211 vitium»
489 2174 524 2211 his
538 2174 611 2211 verbis
628 2176 734 2211 «revocat
742 2185 764 2210 »ι
784 2186 794 2209 «
803 2173 841 2210 Re·

14 2300 156 2307 -—--.-—

61 2394 70 2417 1
82 2390 166 2424 Luthers
176 2390 286 2430 Vorlesung
295 2390 344 2424 iiber
355 2390 391 2423 den
402 2389 652 2429 Romerbrief1515s151o;
665 2390 693 2423 ed.
704 2389 778 2429 Ficker‚
790 2389 842 2428 1930,

14 2451 50 2485 Die
61 2451 158 2491 Scholien‚
170 2451 216 2498 Pag.
230 2451 264 2485 143
278 2462 302 2490 s.;
317 2451 342 2484 cf.
355 2451 442 2484 Assertio
455 2451 544 2483 omnium
559 2443 706 2483 articulorum...
721 2453 757 2483 art⁴
772 2451 782 2482 2
795 2453 814 2482 et
826 2450 843 2482 3.

15 2511 78 2551 Opera
89 2512 158 2545 omnia
172 2511 275 2550 (Weimar)
289 2511 305 2550 7,
318 2511 351 2544 103
364 2521 389 2544 ss.

63 2576 71 2598 2
84 2572 113 2605 Ex
125 2570 182 2612 epist.
195 2572 220 2605 ad
230 2572 286 2606 Rom.
299 2571 315 2604 7.

63 2636 71 2658 ³
84 2633 171 2666 Assertio
183 2633 273 2666 omnium
284 2633 431 2666 articulorum
441 2632 508 2671 (1520)
521 2634 557 2665 art.
568 2633 587 2671 2;
600 2632 663 2672 Opera
675 2632 772 2672 omniun„
783 2632 816 2664 108
829 2642 843 2665 s.

63 2698 71 2719 ⁴
84 2692 134 2727 lbid.
146 2696 182 2727 art.
195 2693 226 2733 36;
239 2694 273 2733 Op.
285 2693 353 2726 omnia
366 2693 382 2733 7,
394 2693 434 2726 142.
