1952 3093
398 65 518 103 -271-

98 188 213 226 Merces
226 199 231 224 :
258 187 325 225 Matth
339 189 357 233 5,
370 188 393 225 11
408 199 436 225 s.:
451 187 530 225 «Beati
544 187 595 224 estis
609 197 659 224 cum
671 185 825 223 maledixerint
836 195 871 222 vo-

48 265 86 305 bis,
99 264 119 298 et
130 260 238 304 persecuti
250 271 288 297 vos
300 261 388 303 tuerint,
401 263 420 297 et
433 260 529 297 dixerint
540 270 603 297 omne
614 260 694 296 malum
707 258 822 295 adversum
833 268 872 294 vos

48 332 180 376 mentientes,
201 335 291 375 propter
309 343 353 369 me:
376 332 473 376 gaudete,
493 335 514 369 et
534 332 644 375 exsultate,
665 330 769 376 quoniam
789 340 872 387 merces

48 408 117 445 vestra
130 405 219 448 copiosa
232 405 297 441 estin
311 405 376 442 caelis
385 416 403 441 >>,
415 403 448 442 Cf.
462 405 480 448 5,
493 404 528 448 463
542 403 560 448 a,
574 404 594 448 1;
610 404 641 447 10,
655 402 725 441 42-
736 403 746 440 1
762 402 804 440 Cor
815 402 833 445 3,
846 402 869 439 8:

48 476 217 521 «Unusquisque
229 479 299 513 autem
312 477 424 521 propriam
438 467 560 514 mercedem
573 476 666 520 accipiet
678 475 797 512 secundum
810 485 871 512 suum

48 551 142 589 laborem
151 561 169 586 ».
178 572 206 576 —
215 549 239 585 V.
251 549 287 586 14:
300 561 311 584 «
320 549 342 587 Si
354 549 415 587 cuius
426 560 480 593 opus
491 548 595 586 manserit
607 548 665 593 quod
678 546 872 592 superaedificavit,

50 622 168 661 mercedem
183 621 277 665 accipiet
285 634 303 659 ›>.
316 645 344 649 —
357 622 369 658 2
383 621 406 659 Io
421 622 443 659 8:
461 622 556 659 «Videte
569 621 719 665 vosmetipsos,
734 631 761 658 ne
775 619 872 664 perdatis

48 705 101 740 quae
115 694 199 737 operati
212 693 274 732 estis:
291 694 329 731 sed
343 699 366 731 ut
380 694 502 731 mercedem
516 693 603 737 plenam
618 692 732 737 accipiatis
741 704 759 730 >>.
773 715 800 719 -
811 692 873 735 vApoc

49 768 79 810 11,
91 766 127 802 18:
144 765 189 802 «Et
200 765 289 803 advenit
301 766 334 803 ira
346 770 388 809 tua,
401 770 421 803 et
434 769 519 809 tempus
532 768 666 802 mortuorum
678 765 778 808 iudicari,
792 767 813 801 et
825 764 872 801 red-

50 840 99 877 dere
113 838 235 875 mercedem
250 837 318 875 servis
332 838 374 875 tuis
388 837 510 883 Prophetis,
524 840 544 874 et
559 837 646 880 sanctis,
661 840 682 874 et
696 836 822 874 timentibus
836 846 873 873 no-

50 920 96 948 men
109 912 169 946 tuum
181 909 273 953 pusillis,
285 913 306 947 ct
317 909 407 954 magnis,
420 913 441 947 et
452 909 612 947 exterminandi
624 921 667 954 eos,
679 909 716 953 qui
729 911 874 952 corruperunt

50 987 128 1021 terram
136 994 155 1019 >>.
166 1004 195 1009 —-
208 981 240 1025 22,
255 981 291 1019 12:
308 982 382 1019 «Ecce
397 982 461 1019 venio
476 982 526 1021 cito.
541 984 562 1018 et
576 992 659 1019 merces
674 992 721 1018 mea
737 992 821 1018 mecum
835 985 882 1027 est,-

50 1054 139 1093 reddere
154 1053 271 1098 unicuique
287 1055 405 1092 secundum
421 1065 487 1097 opera
503 1065 567 1091 sua».
583 1054 664 1091 Merces
681 1057 751 1091 autem
766 1057 797 1092 est
812 1053 873 1095 iliud,

50 1126 107 1172 quod
123 1126 201 1170 aliquis
217 1123 325 1170 peropus
341 1126 403 1163 alteri
419 1127 546 1169 praestitum
561 1129 656 1163 meretur
672 1129 692 1162 et
709 1126 767 1169 quod
783 1126 803 1163 ei
819 1126 874 1162 iuste

51 1198 150 1237 solvitur:
166 1198 233 1235 Matth
248 1197 280 1241 20,
294 1199 305 1235 8
321 1198 423 1242 parabola
440 1198 466 1236 de
480 1198 587 1242 operariis
602 1198 624 1234 in
639 1199 713 1235 vinea:
732 1197 809 1235 «Voca
825 1208 874 1241 ope-

51 1269 118 1307 rarios
131 1273 151 1307 et
162 1270 230 1307 redde
241 1270 285 1307 illis
297 1270 445 1315 mercedem»,
458 1271 484 1307 de
495 1281 537 1315 qua
550 1281 598 1307 cum
611 1270 666 1314 ipsis
677 1273 808 1307 convenerat
820 1280 839 1305 v.
851 1269 873 1312 2;

51 1343 78 1380 ct.
90 1352 109 1380 ν.
123 1342 159 1379 14;
176 1342 255 1380 «Tolle
268 1342 327 1386 quod
340 1345 399 1379 tuum
412 1345 444 1379 est
456 1345 477 1379 et
489 1342 570 1379 vade».
584 1341 616 1379 Cf.
630 1343 674 1379 Luc
687 1342 718 1385 10,
733 1342 754 1386 7;
768 1342 778 1379 1
793 1342 841 1379 Tim
856 1341 873 1382 5.

52 1414 84 1458 18;
97 1413 134 1451 Iac
148 1414 166 1458 5,
181 1414 200 1452 4.

99 1490 336 1529 Remuneratio:
362 1492 464 1537 Hebr.10,
477 1493 513 1530 35:
528 1492 617 1530 «Nolite
630 1493 702 1537 itaque
714 1492 812 1530 amittere
825 1502 875 1529 con·

52 1564 160 1601 fidentiam
176 1567 276 1606 vestram,
292 1575 345 1608 quae
361 1574 461 1606 magnam
475 1564 539 1602 habet
555 1564 778 1613 remunerationem».
794 1564 826 1602 Ct.
843 1564 874 1605 11,
898 1577 900 1580 ’

53 1637 70 1675 6.
81 1636 116 1682 26;
128 1637 140 1673 2
153 1637 195 1675 Cor
206 1638 224 1683 6,
237 1638 268 1675 13.
280 1638 432 1676 Remuneratio
449 1638 609 1686 (μισθαποδοσία)
627 1642 659 1676 est
671 1639 750 1675 solutio
761 1639 874 1686 mercedis.

103 1709 180 1746 Brav
188 1709 193 1746 i
202 1721 217 1747 u
224 1720 246 1745 m
258 1721 263 1746 τ
292 1693 374 1754 Phua,
389 1711 425 1747 14:
442 1711 494 1748 «Ad
510 1711 640 1748 destinatum
655 1721 775 1754 persequor
792 1712 875 1752 (versus

53 1791 147 1825 scopum,
166 1785 245 1819 metam
263 1782 342 1825 curro),
362 1782 390 1819 ad
409 1782 508 1820 bravium
529 1793 634 1826 supernae
653 1782 774 1820 vocationis
794 1782 834 1820 Dei
853 1782 874 1818 in

53 1852 138 1890 Christo
152 1853 227 1891 Iesu».
241 1846 343 1891 Bravium
357 1857 389 1892 est
402 1855 529 1898 praemium,
544 1855 602 1899 quod
616 1855 697 1892 arbiter
712 1855 837 1892 certaminis
853 1855 874 1890 in

52 1924 108 1962 ludis
118 1926 213 1969 publicis
224 1926 302 1964 victori
314 1926 439 1964 certaminis
449 1928 494 1972 dat;
506 1927 534 1965 cf.
545 1928 555 1964 1
566 1927 608 1965 Cor
617 1928 636 1971 9,
645 1927 681 1964 24:
695 1926 808 1964 «Nescitis
818 1927 875 1971 quod

53 1997 75 2040 ii,
89 1993 126 2041 qui
140 1998 163 2034 in
178 1998 248 2036 stadio
261 2002 358 2042 currunt,
371 2009 446 2036 omnes
459 2000 548 2044 quidem
562 2003 658 2043 currunt,
673 1999 711 2036 sed
725 2010 781 2036 unus
796 1999 876 2042 accipit

53 2067 165 2106 bravium?
178 2070 214 2107 Sic
228 2071 309 2107 currite
323 2074 346 2107 ut
359 2071 575 2114 comprehendatis».

107 2140 241 2179 Corona:
267 2142 339 2179 2Tim
353 2143 371 2186 l,
384 2143 395 2178 7
409 2154 435 2179 s.:
452 2143 553 2180 «Bonum
567 2146 675 2180 certamen
690 2143 777 2186 certavi,
790 2153 876 2180 cursum

54 2215 207 2257 consummavi,
225 2213 289 2251 fidem
309 2214 399 2252 servavi.
416 2215 440 2251 In
460 2215 543 2259 reliquo
562 2215 657 2258 reposita
676 2218 707 2252 est
725 2215 780 2252 mibi
798 2224 877 2253 corona

54 2283 147 2323 iustitiae
161 2286 256 2329 (corona,
269 2286 364 2324 iustitiae
375 2287 502 2330 praemium,
515 2286 592 2329 Zorell)
606 2298 670 2332 quam
682 2287 759 2324 reddet
770 2288 824 2325 mihi
836 2287 877 2324 Do·

55 2356 125 2395 minus
139 2358 162 2394 in
177 2359 214 2396 illa
229 2358 263 2396 die
277 2358 346 2396 iustus
360 2359 436 2396 iudex:
454 2370 497 2397 non
513 2359 582 2397 solum
596 2363 666 2397 autern
681 2360 741 2404 mihi,
756 2360 793 2398 sed
809 2363 829 2398 et
843 2360 877 2401 iis,

55 2428 91 2472 qui
104 2429 196 2474 diligunt
209 2430 324 2468 adventum
337 2431 382 2468 eius
391 2443 409 2469 ».
421 2430 452 2468 cf.
465 2431 476 2467 2
487 2432 535 2468 Tim
547 2431 566 2474 2,
579 2432 597 2469 3.
611 2433 629 2469 5.
639 2455 667 2459 -
678 2432 714 2469 Iac
726 2432 744 2476 1,
757 2428 792 2469 12:
808 2446 819 2468 «
827 2432 877 2470 Bea-

55 2502 87 2537 tus
99 2502 139 2545 vir,
153 2503 190 2546 qui
203 2502 279 2540 suffert
292 2503 444 2540 tentationem:
461 2503 563 2547 quoniam
578 2514 626 2540 cum
640 2503 744 2547 probatus
758 2506 830 2545 fuerit,
845 2515 878 2540 ac-

56 2570 121 2614 cipiet
137 2584 240 2611 coronam
256 2574 319 2619 vitae,
335 2585 399 2618 quam
414 2574 540 2617 repromisit
555 2574 612 2611 Deus
629 2575 769 2618 diligentibus
786 2587 835 2612 se».
851 2598 878 2602 —

55 2641 195 2689 Apoc2,10:
213 2644 282 2683 «Esto
295 2645 365 2683 fidelis
379 2656 446 2689 usque
461 2646 488 2683 ad
502 2649 600 2689 mortem,
615 2650 635 2683 et
650 2646 705 2684 dabo
720 2647 760 2684 tibi
775 2658 878 2685 coronam

56 2713 111 2753 vitae
119 2729 137 2754 )).
