1952 3093
443 34 561 71 mog„

91 152 93 155 ’
142 155 247 191 Aceurata
265 154 377 192 distinctio
395 156 451 192 inter
467 155 557 199 gratiam
575 155 706 192 habitualem
725 158 745 192 et
762 156 866 192 actualem
883 167 916 199 sy·

89 226 199 263 stematice
210 226 307 270 exposita
319 229 350 264 est
359 227 416 270 apud
427 227 537 271 theologos
548 228 689 264 scholasticos
700 227 841 271 posteriores;
852 238 915 271 quae·

90 299 130 335 stio
143 299 168 335 de
180 302 256 335 natura
266 300 347 341 gratiae
359 299 449 336 actualis
461 300 553 336 manime
566 303 707 336 tractatores
719 302 815 342 tempore
826 300 914 336 concilii

90 371 210 407 tridentini

144 449 196 487 Cum
213 449 280 493 gratia
298 450 388 487 actualis
406 451 491 487 elevans
510 451 537 487 sit
553 462 590 487 ens
608 451 778 493 supernaturale,
796 451 853 494 quod
872 461 914 487 non

91 521 133 557 nisi
152 533 178 558 ex
196 521 327 559 revelatione
345 523 454 565 cognitum
473 525 510 564 est,
529 523 551 559 in
570 523 701 566 inquirenda
720 523 765 559 eius
783 526 860 559 natura
878 523 916 559 im-

92 594 168 635 primis
184 593 302 630 videndum
317 597 355 636 est,
370 595 424 638 quid
440 595 466 631 de
481 595 542 632 eain
557 595 654 635 tontibus
670 594 809 631 revelationis
826 594 916 631 dicatur.

44 715 47 719 Ι
92 665 149 702 Haec
167 666 237 708 quoad
255 677 299 702 rem
317 676 394 709 magna
413 678 438 703 ex
454 670 514 709 parte
531 667 552 702 in
571 666 598 703 iis
616 651 658 703 iam
677 667 821 709 eontinentur,
839 667 917 710 quibus

93 737 219 774 exsistentia
234 741 253 775 et
268 738 386 775 necessitas
399 739 463 775 huius
478 739 559 782 gratiae
574 739 664 782 probata
680 742 717 775 est.

93 996 168 1032 THESIS
184 997 215 1032 17:
233 997 316 1030 Auxilia
333 997 423 1029 actualia
440 996 521 1037 gratiae
541 996 636 1029 internae
654 998 703 1029 sunt
721 996 855 1028 immediatae
873 995 919 1027 illu·

141 1058 254 1090 strationes
267 1057 384 1090 intellectus
397 1058 418 1090 et
429 1057 578 1096 inspirationes
592 1056 710 1089 voluntatis.
729 1058 750 1088 et
766 1056 848 1095 quidem
861 1056 920 1087 actus

143 1120 185 1149 tum
199 1117 331 1149 indelibereti
344 1118 387 1149 turn
401 1116 516 1149 deliberati.

146 1251 251 1288 «Auxilia
267 1251 378 1288 actualia»
393 1252 417 1287 in
432 1251 572 1288 distinetione
588 1251 615 1287 ad
632 1251 687 1300 dona
702 1250 821 1288 habitualia
836 1261 919 1293 perma-

95 1323 168 1360 nentia
181 1334 205 1360 ea
218 1326 268 1360 suut
279 1334 333 1367 quae
347 1323 375 1360 ad
388 1323 485 1366 singulos
497 1325 557 1360 actus
571 1323 719 1374 conferuntur,
732 1333 786 1367 quae
799 1322 919 1365 5311111111]-

94 1390 152 1438 cipia
166 1398 226 1432 actus
240 1394 346 1432 salutaris.

148 1473 266 1510 aluternae
279 1472 379 1516 gratiae»
392 1474 414 1509 in
428 1473 568 1510 distinetione
581 1473 607 1509 ad
621 1472 700 1516 gratias
713 1476 811 1509 externas
825 1483 854 1512 ea.
866 1483 919 1516 quae

94 1535 162 1582 estin
178 1544 327 1588 superioribus
343 1544 482 1582 facultatibus
498 1545 605 1581 3111111334,

148 1636 158 1657 «
167 1623 220 1660 Sunt
228 1634 250 1659 »z
270 1633 313 1660 non
331 1623 438 1666 significat
454 1623 568 1659 essentiam
585 1624 666 1665 gratiae
684 1622 773 1659 actualis
792 1622 921 1665 simpliciter

95 1695 177 1732 absolvi
194 1695 216 1731 in
234 1694 416 1732 illustrationibus
433 1698 454 1731 et
468 1694 655 1739 inspirationibus,
673 1695 710 1731 scd
728 1694 873 1731 abstrahendo
889 1695 920 1730 in-

95 1767 159 1804 terim
174 1767 199 1804 ab
216 1768 257 1804 hac
272 1767 398 1811 quaestione
415 1767 484 1803 solum
501 1767 580 1803 [licitur
596 1767 689 1809 positive
704 1767 752 1803 illas
768 1767 877 1809 pertinere
894 1766 921 1803 ad

96 1839 187 1881 gratiam
204 1839 315 1876 actualem.

150 1916 326 1953 «illustrationes
339 1916 461 1953 intellectus
477 1920 496 1953 et
510 1916 665 1960 inspirationes
680 1916 797 1953 voluntatis
806 1928 828 1953 »:
845 1916 876 1953 Ita
891 1928 921 1953 se-

97 1969 191 2025 eundum
206 1989 293 2026 modum
309 1988 413 2032 loquendi
428 1988 494 2025 hodie
509 1988 617 2032 usitatum,
633 1988 670 2032 qui
686 1988 841 2025 illustrationes
856 1989 922 2031 refert
939 2028 941 2031 y

97 2061 123 2097 ad
137 2061 277 2103 intellectum,
291 2060 446 2103 inspirationes
459 2061 487 2097 ad
500 2061 638 2097 voluntatem.
652 2060 709 2097 Hinc
722 2060 876 2097 attendendum
891 2062 922 2097 est

97 2143 160 2169 voces
171 2132 219 2168 illas
231 2133 253 2168 in
264 2132 360 2169 fontibus
371 2142 415 2169 non
425 2132 506 2168 hahere
517 2132 580 2168 istam
592 2132 772 2175 significationem
784 2132 922 2177 exclusivaml.

97 2204 148 2241 Illae
161 2204 316 2241 illustrationes
327 2204 449 2241 intellectus
462 2208 482 2240 et
495 2203 650 2247 inspirationes
663 2204 780 2241 voluntatis
794 2206 843 2240 sunt
856 2207 922 2245 actus,

97 2276 175 2320 quibus
192 2276 257 2313 homo
274 2275 467 2319 supernaturaliter
485 2275 596 2319 cognoscit
612 2277 645 2312 vel
663 2276 855 2319 supernaturaliter
873 2286 922 2319 erga

98 2347 181 2392 aliquid
194 2348 291 2392 afficitur,
306 2347 431 2390 inclinatur,
446 2347 529 2392 aliquid
543 2349 594 2384 vult.

151 2425 340 2462 «Immediatae»:
361 2425 415 2463 Cum
433 2436 503 2461 sermo
522 2425 550 2461 sit
568 2425 594 2462 de
612 2424 693 2462 auxilio
712 2425 799 2469 gratiae,
816 2425 923 2462 illumina-

98 2497 167 2534 tiones
179 2500 200 2534 et
213 2497 370 2545 inspirationes
381 2497 538 2540 intelliguntur,
551 2508 604 2541 quae
617 2509 628 2534 a
641 2498 686 2534 Deo
699 2498 721 2533 in
735 2497 823 2534 homine
836 2508 923 2534 causan-

147 2695 156 2715 4
169 2690 231 2729 Supra
245 2698 289 2729 pag,
304 2689 343 2723 160.
