1952 3093
415 53 524 90 ..59-

59 173 115 208 iusta
128 175 148 209 et
161 172 279 210 iustissime
292 175 377 211 occulta
390 173 483 211 consilia
496 185 540 217 sua,
554 174 684 219 quibusdam
696 173 823 211 hominihus
838 174 888 211 darc

59 244 230 288 praedestinavit
243 245 314 289 fidem,
330 246 463 290 charitatem,
477 247 533 284 etin
548 259 572 284 ea
584 246 769 290 perseverantiam
783 258 851 291 usque
866 247 888 282 in

59 317 130 362 linem,
145 329 198 362 quos
214 318 310 355 absolute
327 319 506 363 praedestinatos
523 320 602 357 electos
618 323 638 357 et
653 320 768 357 salvandos
786 320 888 363 dicimus;

61 390 109 428 aliis
125 390 253 428 charitatem
268 390 315 428 sine
330 392 498 436 perseverantia,
514 392 562 430 aliis
577 392 642 430 fidem
658 393 704 430 sine
720 393 832 431 charitate,
847 392 889 430 Pro

2 477 4 479 >
61 464 127 507 primi
142 465 228 507 generis
243 464 376 510 hominibus,
392 469 495 510 tanquam
510 466 567 503 veris
582 465 658 503 ovibus
675 465 725 509 suis,
740 477 791 503 vero
808 466 890 509 populo

61 547 98 573 suo
112 539 215 581 tanquam
229 537 325 574 ahsolute
338 539 448 583 salvando,
461 538 601 581 semetipsum
616 539 682 583 dedit,
697 550 722 575 ac
735 538 835 583 tradidit;
849 549 889 582 pro

62 610 151 645 istorum
169 610 265 653 peccatis
284 610 384 648 omnibus
403 611 492 648 omnino
512 611 617 654 delendis,
636 615 656 648 et
674 614 761 648 aeterna
780 611 890 649 oblivione

61 682 193 725 sepeliendis
207 683 335 726 propitiatio
351 687 391 729 est;
405 695 445 727 pro
459 684 543 721 istisin
557 687 667 721 aeternum
682 683 819 722 vivificandis
835 695 890 722 mor·

62 758 110 792 tuus
126 758 166 800 est;
181 767 221 799 pro
236 753 286 793 istis'
300 755 326 793 ab
342 757 401 794 omni
416 750 472 793 malo
486 756 607 794 liberandis
623 757 706 800 rogavit
722 761 805 800 patrem
821 768 890 799 suum,

62 838 105 864 non
118 838 158 870 pro
171 828 255 872 ceteris,
268 829 305 872 qui
319 839 330 865 a
342 829 384 867 fide
398 833 417 866 et
430 829 535 866 charitate
550 829 673 866 deficientes
685 829 708 865 in
720 829 835 874 iniquitate
847 815 897 867 πηο-Ι

63 901 154 938 riuntur.
168 901 209 938 Pro
224 901 258 938 his
274 902 332 938 enim
347 902 370 938 in
386 905 468 940 tantum
483 904 580 939 mortuus
595 904 631 946 est,
646 905 666 939 et
681 902 703 938 in
720 905 803 939 tantum
817 902 891 946 propi-

63 973 124 1010 tiatio
133 977 273 1016 peccatorum
285 977 322 1018 est,
334 975 386 1011 etin
397 977 480 1012 tantum
492 975 576 1018 rogavit
587 978 677 1019 patrem,
689 976 712 1011 in
724 978 828 1019 quantum
840 978 891 1012 tem-

62 1046 173 1090 poralibus
187 1047 317 1091 quibusdam
332 1047 418 1084 divinae
432 1047 512 1091 gratiae
526 1047 640 1085 effectibus
655 1048 776 1085 exornandi
790 1050 891 1085 suntme.

117 1119 225 1163 Quidnam
241 1123 273 1157 est
290 1121 409 1157 secundum
427 1120 570 1157 substantiam
588 1121 643 1157 iilud
661 1120 791 1158 medicinale
811 1120 891 1159 Christi

64 1192 209 1230 adiutorium?
224 1193 348 1236 Respondet
361 1193 398 1231 lib.
414 1194 432 1237 4,
447 1204 494 1236 cap.
510 1193 532 1230 1:
551 1193 661 1237 «gratiam
676 1193 740 1230 istam
754 1193 835 1231 Christi
849 1193 892 1230 Sal-

64 1264 144 1302 vatoris
158 1265 317 1309 medicinalem,
332 1276 396 1309 quam
410 1266 518 1303 efficacem
533 1267 607 1304 schola
622 1269 691 1318 vocat,
706 1275 749 1303 non
765 1265 824 1303 aliud
840 1277 892 1309 esse,

64 1348 127 1381 quam
143 1338 256 1375 caelestem
272 1338 381 1382 quandam
397 1341 459 1382 atque
474 1338 608 1376 ineffabilem
625 1338 761 1383 suavitatem;
777 1350 815 1376 seu
829 1338 892 1382 spiri-

64 1410 142 1447 tualem
157 1411 328 1454 delectationem,
342 1423 383 1455 qua
398 1412 497 1448 voluntas
512 1412 652 1454 praevenitur
667 1415 687 1448 et
700 1411 800 1455 flectitur,
816 1411 844 1448 ad
857 1422 893 1448 vo-

64 1483 152 1520 lendum
165 1484 332 1527 faciendumque
345 1484 450 1528 quicquid
464 1495 510 1521 eam
522 1484 579 1521 Deus
593 1485 647 1521 velle
660 1487 680 1521 et
692 1484 764 1521 facere
778 1484 893 1521 constitue·

65 1555 93 1592 rit
101 1568 111 1591 »
121 1559 145 1593 2⁷.
160 1568 170 1592 «
178 1556 210 1592 Ex
222 1556 257 1593 his
270 1556 313 1592 iam
328 1557 443 1600 perspicue
458 1556 592 1601 intelligitur,
607 1558 720 1599 tantopere
735 1567 781 1593 esse
796 1567 893 1593 necessa-

66 1628 120 1664 riam
133 1628 197 1666 istam
213 1628 362 1666 delectationis
379 1629 465 1666 divinae
480 1628 578 1673 gratiam,
593 1628 680 1673 quando
696 1640 745 1665 cum
758 1632 893 1666 terrenarum

66 1712 138 1737 rerum
154 1701 309 1739 tentationibus
328 1712 352 1739 ac
371 1701 550 1739 delectationibus
570 1701 704 1744 dimicamus,
723 1704 746 1738 ut
763 1701 806 1738 nisi
824 1699 894 1737 maior

66 1773 132 1810 fuerit
144 1785 208 1818 quam
221 1777 313 1817 terrena,
327 1785 369 1817 qua
382 1777 456 1811 noster
469 1773 559 1811 affectus
575 1774 689 1817 detinetur,
702 1772 749 1810 fieri
762 1784 805 1811 non
818 1772 893 1817 possit,

66 1845 118 1889 quin
131 1846 233 1890 propriae
245 1847 362 1884 voluntatis
376 1846 500 1883 infirmitate
515 1846 634 1883 vincamur.
648 1845 716 1883 Maior
731 1846 788 1883 enim
804 1846 894 1883 delecta-

67 1918 96 1955 tio
109 1929 219 1964 nunquam
233 1930 284 1956 sane
298 1919 440 1956 delectatione
454 1919 539 1956 minore
553 1918 696 1962 superabitur,
710 1918 747 1955 sed
761 1929 809 1955 eam
822 1928 894 1962 seque-

69 1993 101 2027 tur
117 1992 207 2035 animus‚
223 2002 277 2035 quae
293 1992 361 2034 magis
379 2003 426 2029 eum
444 1990 558 2029 afficiendo
576 1991 680 2029 suavitate
698 1990 868 2027 detinuerita28.

120 2064 242 2102 Necessitas
259 2066 329 2101 autem
346 2064 495 2101 delectationis
512 2063 610 2101 caelestis
627 2063 655 2101 ad
670 2062 725 2100 bene
741 2062 859 2100 volendum
876 2065 896 2099 et

68 2137 201 2179 operandum
214 2148 257 2174 non
271 2148 296 2174 ex
309 2139 386 2174 natura
398 2136 515 2173 voluntatis
528 2135 680 2179 proficiscitur,
694 2135 733 2172 sed
747 2147 773 2172 ex
787 2135 832 2172 eius
846 2146 895 2178 poe-

68 2219 95 2246 na
109 2208 164 2254 (cap.
177 2208 205 2252 9).
218 2209 292 2246 «Vera
304 2209 376 2254 itaque
389 2208 444 2246 ratio
457 2220 496 2246 cur
507 2208 605 2245 caelestis
618 2208 732 2245 delectatio
746 2208 773 2245 ad
787 2210 846 2244 actus
859 2207 895 2244 ho-

69 2291 108 2318 nos
123 2282 246 2320 necessaria
262 2282 296 2326 sit,
313 2293 338 2319 ex
354 2285 431 2319 natura
446 2281 568 2319 medicinae
584 2293 621 2318 seu
637 2279 775 2317 medicinalis
792 2278 895 2317 adiutorii

69 2355 162 2396 petenda
175 2358 212 2393 est.
226 2355 329 2392 Voluntas
344 2355 401 2392 enim
415 2366 454 2398 per
467 2356 580 2397 peccatum
595 2353 661 2397 primi
675 2352 772 2390 hominis
787 2352 810 2388 in
823 2350 896 2389 libidi-
915 2385 917 2387 .

69 2435 120 2463 num
133 2427 249 2471 imperium
263 2427 406 2471 praecipitata
421 2430 458 2472 est,
474 2438 499 2463 ex
514 2425 591 2470 quihus
605 2426 629 2463 fit
641 2428 664 2463 ut
678 2425 701 2462 in
716 2424 817 2463 omnihus
831 2423 896 2461 actio-

69 2539 213 2548 ,ην

117 2611 134 2632 ²⁶
148 2608 188 2641 Col.
204 2608 244 2642 386.

117 2671 134 2692 2⁷
148 2668 189 2702 Col.
203 2668 244 2702 394.

118 2731 135 2753 ²8
148 2729 194 2769 Cap.
209 2730 225 2768 6,
239 2729 275 2762 col.
290 2729 330 2761 410.
