1952 3093
457 13 579 53 -2124

105 139 147 175 tiae
165 138 192 175 ad
207 137 338 174 medendum
355 137 406 174 huic
424 136 544 173 infirmitati
562 137 585 173 in
602 139 715 180 praesente
731 138 787 173 thesi
809 147 880 174 sermo
895 143 932 177 est.

106 209 178 247 Gratia
188 209 311 246 necessaria
323 211 360 253 est,
373 212 396 245 ut
405 209 471 246 homo
482 208 539 246 liber
551 211 636 245 maneat
648 220 660 245 a
672 211 762 252 peccato
773 209 866 246 mortali.

159 281 282 318 «Peccator
292 281 379 318 adultus
388 292 410 317 »:
423 281 488 318 homo
500 292 550 318 vere
560 281 654 324 adultus,
665 281 703 325 qui
714 280 778 317 hahet
790 280 931 320 sufficientem

106 353 252 397 cognitionem
262 353 315 396 legis
328 353 441 397 naturalis3
454 353 492 397 qui
504 356 536 390 est
547 353 570 389 in
581 355 637 389 statu
648 353 739 396 peccati,
751 355 772 389 et
782 353 870 397 quidem
882 364 931 397 pro-

104 425 163 462 xime
173 425 302 469 intelligitur
313 427 426 469 peccatum
438 424 552 470 originale;
562 425 635 468 agitur
646 424 704 462 enim
715 425 741 462 de
751 425 789 462 illa
799 424 931 469 infirmitate,

105 507 160 541 quae
174 498 197 534 in
211 498 322 540 praesenti
336 497 413 534 ordine
429 500 461 534 est
475 508 501 534 ex
516 499 606 540 peccato
621 487 802 540 originalisflaec
816 496 930 535 infirmitas
968 504 969 508 ’

105 580 144 613 per
157 572 247 613 peccata
258 568 384 613 personalia
396 568 471 613 augeri
484 571 561 612 potest.

160 641 254 678 «Totam
269 641 338 684 legem
355 641 475 678 naturalem
483 652 506 678 »z
524 641 568 678 Lex
585 641 690 678 naturalis
707 641 744 678 illa
762 644 799 684 est,
817 652 872 685 quae
887 652 931 678 om-

106 713 166 750 nium
178 713 291 750 hominum
302 713 370 750 corde
382 713 489 757 inscripta
502 717 539 757 est,
551 723 616 757 quam
628 712 713 750 adultus
726 713 826 757 ignorare
838 723 882 750 non
894 724 931 757 po-

105 788 151 828 test,
167 795 221 829 quae
237 796 259 821 se
275 784 400 822 manifestat
415 785 438 821 in
456 784 573 822 dictamine
589 784 741 823 conscientiae.
757 784 848 822 Definiri
864 786 928 822 solet:

105 857 204 894 voluntas
223 856 298 894 divina
315 839 415 894 ordinem
433 857 552 894 naturalem
570 856 685 893 observare
702 856 785 900 iubens,
803 857 930 900 perturbare

106 931 187 965 vetans.
197 928 292 965 Vocatur
301 929 337 966 lex
348 928 459 972 naturalis,
471 928 522 972 quia
533 939 583 965 cum
594 930 677 972 natura,
690 939 730 972 per
741 931 846 972 naturam,
858 929 882 965 in
895 939 931 966 na

106 1003 153 1037 tura
168 1000 239 1045 datur;
255 1000 285 1037 ita
300 1000 381 1037 dieitur
396 1000 419 1036 in
435 999 575 1037 distinctione
591 1000 619 1037 ad
633 1000 702 1044 legem
715 1000 838 1044 positivam.
854 1000 930 1037 Thesis

106 1072 149 1115 agit
162 1072 188 1109 de
202 1072 338 1109 observanda
352 1072 393 1109 hac
406 1073 452 1115 lege
466 1075 520 1116 tota;
535 1072 586 1116 quia
601 1072 628 1109 ad
642 1071 801 1110 observandum
816 1082 883 1109 unum
897 1074 930 1110 vel

106 1144 196 1180 alterum
211 1147 351 1187 praeceptum
366 1154 410 1180 non
424 1144 485 1180 adest
499 1145 533 1180 vel
546 1143 635 1187 probari
650 1145 722 1187 potest
735 1146 794 1181 tanta
809 1143 930 1181 difficultas.

159 1215 298 1252 «Observare
312 1215 383 1259 quoad
396 1215 539 1252 substantiam
547 1227 569 1252 »z
586 1215 629 1251 Lex
641 1215 753 1252 observari
767 1215 848 1252 dicitur
859 1216 930 1260 quoad

105 1286 253 1331 substantiam,
265 1298 313 1324 cum
325 1287 452 1324 observatur
462 1288 533 1331 quoad
544 1287 573 1330 id,
584 1288 642 1332 quod
652 1287 767 1331 praecipit,
778 1287 811 1324 vel
822 1287 930 1331 prohibet,

106 1359 144 1396 sed
157 1369 200 1396 non
213 1359 251 1395 tali
263 1359 334 1403 modo,
347 1359 384 1395 illa
397 1358 538 1401 perfectione,
551 1369 605 1403 quae
618 1359 742 1403 requiritur,
755 1362 777 1395 ut
790 1370 844 1402 opus
859 1359 887 1396 sit
899 1371 930 1396 sa-

105 1432 182 1476 lutare;
193 1431 246 1467 hinc
256 1431 328 1475 quoad
340 1430 483 1468 substantiam
494 1431 609 1468 observare
621 1433 653 1468 est
664 1430 722 1468 idern
733 1430 792 1475 quod
804 1444 815 1466 «
824 1442 882 1468 mere
893 1431 930 1468 ho-

106 1506 192 1546 neste»,
209 1502 254 1540 sive
271 1513 334 1539 «non
351 1502 493 1540 salutariter>
510 1502 631 1540 observare.

160 1587 170 1611 «
178 1574 221 1611 Diu
229 1587 251 1612 »z
268 1575 300 1612 Ad
316 1575 373 1611 diem
386 1577 407 1612 et
420 1574 497 1611 horam
512 1574 651 1611 determinari
665 1585 708 1612 non
724 1578 800 1618 potest,
814 1575 852 1612 sed
866 1576 930 1618 signi-

105 1647 155 1684 ficat
171 1650 255 1690 tempus
273 1647 331 1691 quod
349 1646 461 1684 moraliter
476 1657 516 1689 pro
533 1646 630 1689 longiore
647 1650 743 1689 tempore
761 1646 858 1691 habetur,
876 1659 893 1684 e.
911 1657 929 1690 g.

105 1719 177 1762 plures
188 1729 279 1761 menses,
288 1719 322 1755 vel
333 1728 420 1755 annum.

160 1790 227 1828 «Non
244 1792 314 1834 potest
323 1802 345 1826 »z
364 1790 413 1827 Non
430 1793 462 1827 est
480 1801 550 1827 sermo
570 1790 595 1827 de
613 1791 742 1834 impotentia
759 1790 860 1834 physica
880 1801 930 1828 nam

106 1862 164 1906 ouon
177 1863 212 1899 lex
226 1862 331 1899 naturalis
345 1861 481 1904 praescribit,
496 1872 540 1898 non
554 1864 625 1904 potest
638 1861 741 1899 excedere
756 1862 813 1900 vires
827 1862 930 1906 physicas

105 1934 170 1971 huius
182 1937 278 1971 naturae.
292 1934 368 1977 Agitur
382 1942 433 1976 ergo
447 1933 473 1970 de
487 1933 614 1976 impotentia
628 1933 712 1977 morali,
727 1933 797 1982 idest
812 1933 838 1971 de
853 1944 930 1978 magna

107 2006 230 2042 difficultate
243 2005 340 2042 faciendi
352 2005 382 2048 id,
395 2004 454 2049 quod
465 2004 555 2048 physice
568 2015 611 2041 non
624 2008 655 2041 est
667 2005 809 2048 impossibile.
821 2005 879 2054 Haec
891 2006 930 2042 irn-

105 2077 202 2120 potentia
213 2076 271 2113 intra
283 2076 352 2120 magis
363 2075 490 2119 explicatur.

160 2161 170 2184 «
179 2148 230 2186 Sine
239 2148 308 2192 gratia
315 2160 338 2185 v:
352 2147 403 2185 Sine
411 2147 494 2185 auxilio
506 2147 581 2185 divino
592 2146 697 2186 indebito.
707 2148 755 2185 Non
766 2148 836 2192 agitur
847 2149 874 2187 de
884 2159 930 2193 gra-

105 2221 136 2258 tia
150 2221 279 2265 inquantum
294 2220 331 2257 dat
345 2230 409 2264 posse
425 2219 540 2263 physicum
555 2222 656 2263 actusve
672 2220 711 2257 sed
727 2220 753 2257 de
768 2220 856 2264 auxilio,
871 2221 930 2265 quod

105 2295 166 2330 iuvat
181 2295 257 2330 eontra
272 2292 332 2329 illam
347 2292 499 2335 impotentiam
514 2291 624 2335 moralem,
640 2302 696 2336 quae
711 2303 737 2329 ex
753 2291 878 2331 infirmitate
893 2304 930 2330 na-

105 2368 165 2402 turae
174 2364 284 2409 provenit;
294 2367 327 2402 est
335 2373 386 2407 ergo
396 2362 465 2407 gratia
473 2363 611 2400 medicinalis
621 2366 697 2401 contra
706 2364 765 2401 illam
775 2363 929 2408 infirmitatem,

105 2439 126 2474 et
143 2439 248 2480 quatenus
266 2435 337 2480 aliquo
355 2435 421 2473 modo
438 2434 610 2473 vulnerationem
628 2439 696 2479 sanat,
712 2435 781 2479 gratia
798 2446 877 2474 sanans
894 2448 929 2474 vo-

106 2512 172 2546 catur.

152 2673 178 2695 22⁰
192 2670 260 2703 Gratia
278 2670 363 2702 elevans.
