<?xml version="1.0" encoding="UTF-8"?>
<!DOCTYPE html PUBLIC "-//W3C//DTD XHTML 1.0 Transitional//EN"
    "http://www.w3.org/TR/xhtml1/DTD/xhtml1-transitional.dtd">
<html xmlns="http://www.w3.org/1999/xhtml" xml:lang="en" lang="en">
 <head>
  <title>
</title>
<meta http-equiv="Content-Type" content="text/html;charset=utf-8" />
  <meta name='ocr-system' content='tesseract 3.04.00' />
  <meta name='ocr-capabilities' content='ocr_page ocr_carea ocr_par ocr_line ocrx_word'/>
</head>
<body>
  <div class='ocr_page' id='page_1' title='image "./MN41638ucmf_6_0115.png"; bbox 0 0 1952 3093; ppageno 0'>
   <div class='ocr_carea' id='block_1_1' title="bbox 411 51 519 88">
    <p class='ocr_par' dir='ltr' id='par_1_1' title="bbox 411 51 519 88">
     <span class='ocr_line' id='line_1_1' title="bbox 411 51 519 88; baseline 0 -9"><span class='ocrx_word' id='word_1_1' title='bbox 411 51 519 88; x_wconf 58' lang='lat'>-95-</span> 
     </span>
    </p>
   </div>
   <div class='ocr_carea' id='block_1_2' title="bbox 51 169 883 1298">
    <p class='ocr_par' dir='ltr' id='par_1_2' title="bbox 53 169 882 716">
     <span class='ocr_line' id='line_1_2' title="bbox 53 169 881 214; baseline 0.001 -7"><span class='ocrx_word' id='word_1_2' title='bbox 53 170 165 214; x_wconf 87' lang='lat' dir='ltr'>Trinitate‚</span> <span class='ocrx_word' id='word_1_3' title='bbox 181 171 207 207; x_wconf 84' lang='lat' dir='ltr'>de</span> <span class='ocrx_word' id='word_1_4' title='bbox 220 171 290 207; x_wconf 89' lang='lat' dir='ltr'>Verbo</span> <span class='ocrx_word' id='word_1_5' title='bbox 304 170 435 212; x_wconf 88' lang='lat' dir='ltr'>incarnato).</span> <span class='ocrx_word' id='word_1_6' title='bbox 449 170 482 208; x_wconf 90' lang='lat' dir='ltr'>Ita</span> <span class='ocrx_word' id='word_1_7' title='bbox 495 173 567 207; x_wconf 90' lang='lat' dir='ltr'>tamen</span> <span class='ocrx_word' id='word_1_8' title='bbox 581 171 629 214; x_wconf 84' lang='lat' dir='ltr'>ipsa</span> <span class='ocrx_word' id='word_1_9' title='bbox 643 170 744 208; x_wconf 87' lang='lat' dir='ltr'>doctrina</span> <span class='ocrx_word' id='word_1_10' title='bbox 757 169 801 208; x_wconf 87' lang='lat' dir='ltr'>non</span> <span class='ocrx_word' id='word_1_11' title='bbox 814 175 881 208; x_wconf 91' lang='lat' dir='ltr'>muta-</span> 
     </span>
     <span class='ocr_line' id='line_1_3' title="bbox 54 242 882 287; baseline 0.001 -7"><span class='ocrx_word' id='word_1_12' title='bbox 54 245 94 287; x_wconf 88' lang='lat' dir='ltr'>tur,</span> <span class='ocrx_word' id='word_1_13' title='bbox 109 243 147 281; x_wconf 92' lang='lat' dir='ltr'>sed</span> <span class='ocrx_word' id='word_1_14' title='bbox 162 243 237 281; x_wconf 86' lang='lat' dir='ltr'>eadem</span> <span class='ocrx_word' id='word_1_15' title='bbox 252 243 352 281; x_wconf 85' lang='lat' dir='ltr'>doctrina</span> <span class='ocrx_word' id='word_1_16' title='bbox 365 243 408 281; x_wconf 88' lang='lat' dir='ltr'>alio</span> <span class='ocrx_word' id='word_1_17' title='bbox 423 243 488 281; x_wconf 89' lang='lat' dir='ltr'>modo</span> <span class='ocrx_word' id='word_1_18' title='bbox 503 242 623 282; x_wconf 82' lang='lat' dir='ltr'>exhibetur.</span> <span class='ocrx_word' id='word_1_19' title='bbox 638 243 669 281; x_wconf 91' lang='lat' dir='ltr'>De</span> <span class='ocrx_word' id='word_1_20' title='bbox 684 244 741 281; x_wconf 82' lang='lat' dir='ltr'>tacto</span> <span class='ocrx_word' id='word_1_21' title='bbox 754 243 817 281; x_wconf 89' lang='lat' dir='ltr'>brevi</span> <span class='ocrx_word' id='word_1_22' title='bbox 830 246 882 281; x_wconf 85' lang='lat' dir='ltr'>tem-</span> 
     </span>
     <span class='ocr_line' id='line_1_4' title="bbox 54 316 882 361; baseline 0 -8"><span class='ocrx_word' id='word_1_23' title='bbox 54 319 107 361; x_wconf 86' lang='lat' dir='ltr'>pore</span> <span class='ocrx_word' id='word_1_24' title='bbox 120 316 249 355; x_wconf 88' lang='lat' dir='ltr'>Scholastici</span> <span class='ocrx_word' id='word_1_25' title='bbox 263 317 286 353; x_wconf 93' lang='lat' dir='ltr'>in</span> <span class='ocrx_word' id='word_1_26' title='bbox 299 317 341 354; x_wconf 90' lang='lat' dir='ltr'>hoc</span> <span class='ocrx_word' id='word_1_27' title='bbox 356 319 511 361; x_wconf 87' lang='lat' dir='ltr'>convenerunt,</span> <span class='ocrx_word' id='word_1_28' title='bbox 526 317 584 361; x_wconf 90' lang='lat' dir='ltr'>quod</span> <span class='ocrx_word' id='word_1_29' title='bbox 597 317 620 354; x_wconf 92' lang='lat' dir='ltr'>in</span> <span class='ocrx_word' id='word_1_30' title='bbox 635 316 788 355; x_wconf 87' lang='lat' dir='ltr'>iustificatione</span> <span class='ocrx_word' id='word_1_31' title='bbox 802 317 882 355; x_wconf 88' lang='lat' dir='ltr'>adultis</span> 
     </span>
     <span class='ocr_line' id='line_1_5' title="bbox 54 382 882 435; baseline 0.001 -9"><span class='ocrx_word' id='word_1_32' title='bbox 54 390 123 434; x_wconf 80' lang='lat' dir='ltr'>gratia</span> <span class='ocrx_word' id='word_1_33' title='bbox 136 394 156 427; x_wconf 94' lang='lat' dir='ltr'>et</span> <span class='ocrx_word' id='word_1_34' title='bbox 169 391 259 427; x_wconf 89' lang='lat' dir='ltr'>virtutes</span> <span class='ocrx_word' id='word_1_35' title='bbox 272 391 344 435; x_wconf 87' lang='lat' dir='ltr'>quoad</span> <span class='ocrx_word' id='word_1_36' title='bbox 357 390 456 428; x_wconf 85' lang='lat' dir='ltr'>habitum</span> <span class='ocrx_word' id='word_1_37' title='bbox 468 390 621 428; x_wconf 88' lang='lat' dir='ltr'>intunduntur.</span> <span class='ocrx_word' id='word_1_38' title='bbox 634 382 711 428; x_wconf 81' lang='lat' dir='ltr'>Adhuc</span> <span class='ocrx_word' id='word_1_39' title='bbox 723 394 795 428; x_wconf 89' lang='lat' dir='ltr'>tamen</span> <span class='ocrx_word' id='word_1_40' title='bbox 809 390 882 434; x_wconf 92' lang='lat' dir='ltr'>dispu-</span> 
     </span>
     <span class='ocr_line' id='line_1_6' title="bbox 54 460 881 506; baseline 0 -6"><span class='ocrx_word' id='word_1_41' title='bbox 54 465 132 506; x_wconf 85' lang='lat' dir='ltr'>tarunt,</span> <span class='ocrx_word' id='word_1_42' title='bbox 145 466 217 500; x_wconf 88' lang='lat' dir='ltr'>utrum</span> <span class='ocrx_word' id='word_1_43' title='bbox 230 463 288 500; x_wconf 88' lang='lat' dir='ltr'>idem</span> <span class='ocrx_word' id='word_1_44' title='bbox 302 463 419 500; x_wconf 87' lang='lat' dir='ltr'>dicendum</span> <span class='ocrx_word' id='word_1_45' title='bbox 433 464 460 500; x_wconf 87' lang='lat' dir='ltr'>sit</span> <span class='ocrx_word' id='word_1_46' title='bbox 472 463 537 500; x_wconf 85' lang='lat' dir='ltr'>etiam</span> <span class='ocrx_word' id='word_1_47' title='bbox 552 463 577 500; x_wconf 87' lang='lat' dir='ltr'>de</span> <span class='ocrx_word' id='word_1_48' title='bbox 591 463 743 501; x_wconf 87' lang='lat' dir='ltr'>iustificatione</span> <span class='ocrx_word' id='word_1_49' title='bbox 757 460 881 501; x_wconf 81' lang='lat' dir='ltr'>infantium.</span> 
     </span>
     <span class='ocr_line' id='line_1_7' title="bbox 54 535 881 579; baseline 0.002 -8"><span class='ocrx_word' id='word_1_50' title='bbox 54 535 170 579; x_wconf 84' lang='lat' dir='ltr'>Postquam</span> <span class='ocrx_word' id='word_1_51' title='bbox 181 538 251 572; x_wconf 90' lang='lat' dir='ltr'>autem</span> <span class='ocrx_word' id='word_1_52' title='bbox 264 535 382 572; x_wconf 87' lang='lat' dir='ltr'>concilium</span> <span class='ocrx_word' id='word_1_53' title='bbox 393 536 512 572; x_wconf 83' lang='lat' dir='ltr'>viennense</span> <span class='ocrx_word' id='word_1_54' title='bbox 525 536 654 573; x_wconf 73' lang='lat' dir='ltr'>sententiam</span> <span class='ocrx_word' id='word_1_55' title='bbox 668 535 817 573; x_wconf 81' lang='lat' dir='ltr'>affirmativam</span> <span class='ocrx_word' id='word_1_56' title='bbox 829 540 881 573; x_wconf 92' lang='lat' dir='ltr'>tam-</span> 
     </span>
     <span class='ocr_line' id='line_1_8' title="bbox 54 606 880 653; baseline 0.002 -10"><span class='ocrx_word' id='word_1_57' title='bbox 54 616 119 651; x_wconf 87' lang='lat' dir='ltr'>quam</span> <span class='ocrx_word' id='word_1_58' title='bbox 135 606 306 650; x_wconf 80' lang='lat' dir='ltr'>probabiliorem</span> <span class='ocrx_word' id='word_1_59' title='bbox 320 606 392 653; x_wconf 77' lang='lat' dir='ltr'>elegit,</span> <span class='ocrx_word' id='word_1_60' title='bbox 409 607 496 644; x_wconf 88' lang='lat' dir='ltr'>videtur</span> <span class='ocrx_word' id='word_1_61' title='bbox 512 607 577 644; x_wconf 87' lang='lat' dir='ltr'>etiam</span> <span class='ocrx_word' id='word_1_62' title='bbox 594 607 648 644; x_wconf 92' lang='lat' dir='ltr'>haec</span> <span class='ocrx_word' id='word_1_63' title='bbox 665 607 783 651; x_wconf 86' lang='lat' dir='ltr'>disputatio</span> <span class='ocrx_word' id='word_1_64' title='bbox 801 618 880 645; x_wconf 89' lang='lat' dir='ltr'>cessas-</span> 
     </span>
     <span class='ocr_line' id='line_1_9' title="bbox 55 681 109 716; baseline 0 0"><span class='ocrx_word' id='word_1_65' title='bbox 55 690 76 716; x_wconf 82' lang='lat' dir='ltr'>se</span> <span class='ocrx_word' id='word_1_66' title='bbox 84 681 109 716; x_wconf 74' lang='lat'>4⁸.</span> 
     </span>
    </p>

    <p class='ocr_par' dir='ltr' id='par_1_3' title="bbox 51 751 883 1298">
     <span class='ocr_line' id='line_1_10' title="bbox 51 751 881 798; baseline -0.002 -8"><span class='ocrx_word' id='word_1_67' title='bbox 51 761 53 764; x_wconf 84' lang='grc'><em>·</em></span> <span class='ocrx_word' id='word_1_68' title='bbox 109 752 223 798; x_wconf 82' lang='lat' dir='ltr'>Quousque</span> <span class='ocrx_word' id='word_1_69' title='bbox 239 756 310 790; x_wconf 92' lang='lat' dir='ltr'>autem</span> <span class='ocrx_word' id='word_1_70' title='bbox 326 764 338 790; x_wconf 91' lang='lat' dir='ltr'>a</span> <span class='ocrx_word' id='word_1_71' title='bbox 353 752 447 790; x_wconf 87' lang='lat' dir='ltr'>concilio</span> <span class='ocrx_word' id='word_1_72' title='bbox 463 751 583 790; x_wconf 89' lang='lat' dir='ltr'>tridentino</span> <span class='ocrx_word' id='word_1_73' title='bbox 599 752 623 789; x_wconf 89' lang='lat' dir='ltr'>in</span> <span class='ocrx_word' id='word_1_74' title='bbox 637 753 678 790; x_wconf 90' lang='lat' dir='ltr'>hac</span> <span class='ocrx_word' id='word_1_75' title='bbox 694 763 717 790; x_wconf 89' lang='lat' dir='ltr'>re</span> <span class='ocrx_word' id='word_1_76' title='bbox 733 752 815 797; x_wconf 86' lang='lat' dir='ltr'>aliquid</span> <span class='ocrx_word' id='word_1_77' title='bbox 833 752 881 789; x_wconf 87' lang='lat' dir='ltr'>deii-</span> 
     </span>
     <span class='ocr_line' id='line_1_11' title="bbox 55 825 881 870; baseline 0.001 -8"><span class='ocrx_word' id='word_1_78' title='bbox 55 827 125 863; x_wconf 89' lang='lat' dir='ltr'>uitum</span> <span class='ocrx_word' id='word_1_79' title='bbox 137 826 170 870; x_wconf 90' lang='lat' dir='ltr'>sit,</span> <span class='ocrx_word' id='word_1_80' title='bbox 184 826 313 870; x_wconf 88' lang='lat' dir='ltr'>disputatur.</span> <span class='ocrx_word' id='word_1_81' title='bbox 323 825 355 862; x_wconf 86' lang='lat' dir='ltr'>Ex</span> <span class='ocrx_word' id='word_1_82' title='bbox 367 827 415 869; x_wconf 88' lang='lat' dir='ltr'>ipsa</span> <span class='ocrx_word' id='word_1_83' title='bbox 426 826 518 863; x_wconf 89' lang='lat' dir='ltr'>historia</span> <span class='ocrx_word' id='word_1_84' title='bbox 531 826 621 863; x_wconf 89' lang='lat' dir='ltr'>concilii</span> <span class='ocrx_word' id='word_1_85' title='bbox 634 826 744 863; x_wconf 91' lang='lat' dir='ltr'>videretur</span> <span class='ocrx_word' id='word_1_86' title='bbox 758 825 881 868; x_wconf 87' lang='lat' dir='ltr'>dicendum,</span> 
     </span>
     <span class='ocr_line' id='line_1_12' title="bbox 56 898 881 944; baseline 0 -8"><span class='ocrx_word' id='word_1_87' title='bbox 56 898 173 936; x_wconf 91' lang='lat' dir='ltr'>concilium</span> <span class='ocrx_word' id='word_1_88' title='bbox 187 898 320 936; x_wconf 84' lang='lat' dir='ltr'>intellexisse</span> <span class='ocrx_word' id='word_1_89' title='bbox 335 909 373 936; x_wconf 93' lang='lat' dir='ltr'>ens</span> <span class='ocrx_word' id='word_1_90' title='bbox 389 901 485 936; x_wconf 85' lang='lat' dir='ltr'>creatum</span> <span class='ocrx_word' id='word_1_91' title='bbox 500 898 591 942; x_wconf 85' lang='lat' dir='ltr'>physice</span> <span class='ocrx_word' id='word_1_92' title='bbox 606 902 772 944; x_wconf 67' lang='lat' dir='ltr'>permanens4⁹;</span> <span class='ocrx_word' id='word_1_93' title='bbox 788 898 881 942; x_wconf 85' lang='lat' dir='ltr'>proinde</span> 
     </span>
     <span class='ocr_line' id='line_1_13' title="bbox 56 970 882 1014; baseline -0.001 -6"><span class='ocrx_word' id='word_1_94' title='bbox 56 971 149 1008; x_wconf 85' lang='lat' dir='ltr'>dicenda</span> <span class='ocrx_word' id='word_1_95' title='bbox 162 974 217 1008; x_wconf 92' lang='lat' dir='ltr'>esset</span> <span class='ocrx_word' id='word_1_96' title='bbox 230 971 297 1008; x_wconf 89' lang='lat' dir='ltr'>thesis</span> <span class='ocrx_word' id='word_1_97' title='bbox 310 970 390 1008; x_wconf 88' lang='lat' dir='ltr'>deiide</span> <span class='ocrx_word' id='word_1_98' title='bbox 404 970 497 1008; x_wconf 86' lang='lat' dir='ltr'>definita.</span> <span class='ocrx_word' id='word_1_99' title='bbox 510 971 591 1007; x_wconf 87' lang='lat' dir='ltr'>Tamen</span> <span class='ocrx_word' id='word_1_100' title='bbox 605 972 678 1014; x_wconf 87' lang='lat' dir='ltr'>plures</span> <span class='ocrx_word' id='word_1_101' title='bbox 691 971 785 1014; x_wconf 81' lang='lat' dir='ltr'>theologi</span> <span class='ocrx_word' id='word_1_102' title='bbox 799 972 833 1007; x_wconf 91' lang='lat' dir='ltr'>vel</span> <span class='ocrx_word' id='word_1_103' title='bbox 846 981 882 1007; x_wconf 89' lang='lat' dir='ltr'>ne-</span> 
     </span>
     <span class='ocr_line' id='line_1_14' title="bbox 55 1042 882 1086; baseline 0 -7"><span class='ocrx_word' id='word_1_104' title='bbox 55 1047 106 1086; x_wconf 80' lang='lat' dir='ltr'>gant</span> <span class='ocrx_word' id='word_1_105' title='bbox 119 1042 267 1080; x_wconf 83' lang='lat' dir='ltr'>definitionem</span> <span class='ocrx_word' id='word_1_106' title='bbox 279 1043 313 1080; x_wconf 91' lang='lat' dir='ltr'>vel</span> <span class='ocrx_word' id='word_1_107' title='bbox 327 1043 353 1080; x_wconf 88' lang='lat' dir='ltr'>de</span> <span class='ocrx_word' id='word_1_108' title='bbox 365 1054 389 1080; x_wconf 89' lang='lat' dir='ltr'>ea</span> <span class='ocrx_word' id='word_1_109' title='bbox 402 1042 510 1086; x_wconf 85' lang='lat' dir='ltr'>dubitant;</span> <span class='ocrx_word' id='word_1_110' title='bbox 523 1043 561 1080; x_wconf 90' lang='lat' dir='ltr'>sed</span> <span class='ocrx_word' id='word_1_111' title='bbox 575 1043 650 1080; x_wconf 91' lang='lat' dir='ltr'>saltem</span> <span class='ocrx_word' id='word_1_112' title='bbox 662 1042 729 1079; x_wconf 92' lang='lat' dir='ltr'>thesis</span> <span class='ocrx_word' id='word_1_113' title='bbox 744 1042 837 1080; x_wconf 89' lang='lat' dir='ltr'>dicenda</span> <span class='ocrx_word' id='word_1_114' title='bbox 851 1046 882 1079; x_wconf 87' lang='lat' dir='ltr'>est</span> 
     </span>
     <span class='ocr_line' id='line_1_15' title="bbox 56 1114 882 1157; baseline -0.001 -6"><span class='ocrx_word' id='word_1_115' title='bbox 56 1115 176 1157; x_wconf 83' lang='lat' dir='ltr'>theologice</span> <span class='ocrx_word' id='word_1_116' title='bbox 191 1118 256 1152; x_wconf 91' lang='lat' dir='ltr'>certa.</span> <span class='ocrx_word' id='word_1_117' title='bbox 271 1114 304 1151; x_wconf 88' lang='lat' dir='ltr'>Ita</span> <span class='ocrx_word' id='word_1_118' title='bbox 318 1116 389 1151; x_wconf 89' lang='lat' dir='ltr'>autem</span> <span class='ocrx_word' id='word_1_119' title='bbox 403 1125 447 1151; x_wconf 90' lang='lat' dir='ltr'>non</span> <span class='ocrx_word' id='word_1_120' title='bbox 463 1114 580 1151; x_wconf 86' lang='lat' dir='ltr'>affirmatur</span> <span class='ocrx_word' id='word_1_121' title='bbox 596 1114 670 1151; x_wconf 84' lang='lat' dir='ltr'>eadem</span> <span class='ocrx_word' id='word_1_122' title='bbox 686 1114 816 1151; x_wconf 85' lang='lat' dir='ltr'>certitudine</span> <span class='ocrx_word' id='word_1_123' title='bbox 832 1125 882 1151; x_wconf 88' lang='lat' dir='ltr'>con-</span> 
     </span>
     <span class='ocr_line' id='line_1_16' title="bbox 56 1185 883 1230; baseline -0.004 -6"><span class='ocrx_word' id='word_1_124' title='bbox 56 1190 112 1224; x_wconf 82' lang='lat' dir='ltr'>stare</span> <span class='ocrx_word' id='word_1_125' title='bbox 126 1187 206 1225; x_wconf 90' lang='lat' dir='ltr'>donum</span> <span class='ocrx_word' id='word_1_126' title='bbox 218 1186 273 1224; x_wconf 83' lang='lat' dir='ltr'>illud</span> <span class='ocrx_word' id='word_1_127' title='bbox 286 1189 381 1224; x_wconf 86' lang='lat' dir='ltr'>creatum</span> <span class='ocrx_word' id='word_1_128' title='bbox 393 1185 484 1230; x_wconf 83' lang='lat' dir='ltr'>physice</span> <span class='ocrx_word' id='word_1_129' title='bbox 498 1196 627 1230; x_wconf 88' lang='lat' dir='ltr'>permanens</span> <span class='ocrx_word' id='word_1_130' title='bbox 642 1196 687 1223; x_wconf 86' lang='lat' dir='ltr'>esse</span> <span class='ocrx_word' id='word_1_131' title='bbox 701 1185 799 1229; x_wconf 89' lang='lat' dir='ltr'>praecise</span> <span class='ocrx_word' id='word_1_132' title='bbox 813 1187 883 1229; x_wconf 86' lang='lat' dir='ltr'>«qua-</span> 
     </span>
     <span class='ocr_line' id='line_1_17' title="bbox 55 1257 876 1298; baseline -0.004 -1"><span class='ocrx_word' id='word_1_133' title='bbox 55 1260 137 1298; x_wconf 80' lang='lat' dir='ltr'>litatem</span> <span class='ocrx_word' id='word_1_134' title='bbox 146 1272 157 1296; x_wconf 85' lang='lat'>»</span> <span class='ocrx_word' id='word_1_135' title='bbox 170 1261 204 1297; x_wconf 91' lang='lat' dir='ltr'>vel</span> <span class='ocrx_word' id='word_1_136' title='bbox 218 1273 228 1295; x_wconf 89' lang='lat'>«</span> <span class='ocrx_word' id='word_1_137' title='bbox 237 1259 335 1297; x_wconf 87' lang='lat' dir='ltr'>habitum</span> <span class='ocrx_word' id='word_1_138' title='bbox 343 1272 361 1296; x_wconf 81' lang='grc'>1).</span> <span class='ocrx_word' id='word_1_139' title='bbox 874 1257 876 1260; x_wconf 83' lang='grc'><strong>’</strong></span> 
     </span>
    </p>
   </div>
   <div class='ocr_carea' id='block_1_3' title="bbox 370 1475 560 1513">
    <p class='ocr_par' dir='ltr' id='par_1_4' title="bbox 370 1475 560 1513">
     <span class='ocr_line' id='line_1_18' title="bbox 370 1475 560 1513; baseline -0.005 -1"><span class='ocrx_word' id='word_1_140' title='bbox 370 1476 422 1513; x_wconf 85' lang='lat' dir='ltr'>Duo.</span> <span class='ocrx_word' id='word_1_141' title='bbox 439 1475 560 1512; x_wconf 74' lang='lat' dir='ltr'>Ecennsian</span> 
     </span>
    </p>
   </div>
   <div class='ocr_carea' id='block_1_4' title="bbox 109 1610 883 1655">
    <p class='ocr_par' dir='ltr' id='par_1_5' title="bbox 109 1610 883 1655">
     <span class='ocr_line' id='line_1_19' title="bbox 109 1610 883 1655; baseline -0.003 -8"><span class='ocrx_word' id='word_1_142' title='bbox 109 1610 257 1648; x_wconf 81' lang='lat' dir='ltr'>quoonnrrus</span> <span class='ocrx_word' id='word_1_143' title='bbox 273 1611 316 1655; x_wconf 81' lang='grc'><strong>111,</strong></span> <span class='ocrx_word' id='word_1_144' title='bbox 334 1622 366 1654; x_wconf 90' lang='lat' dir='ltr'>ep.</span> <span class='ocrx_word' id='word_1_145' title='bbox 383 1610 512 1647; x_wconf 81' lang='lat' dir='ltr'>«hlai0res»</span> <span class='ocrx_word' id='word_1_146' title='bbox 531 1611 603 1654; x_wconf 78' lang='lat' dir='ltr'>refert,</span> <span class='ocrx_word' id='word_1_147' title='bbox 621 1621 664 1647; x_wconf 90' lang='lat' dir='ltr'>non</span> <span class='ocrx_word' id='word_1_148' title='bbox 683 1610 811 1654; x_wconf 85' lang='lat' dir='ltr'>decidendo,</span> <span class='ocrx_word' id='word_1_149' title='bbox 830 1610 883 1646; x_wconf 84' lang='lat' dir='ltr'>duas</span> 
     </span>
    </p>
   </div>
   <div class='ocr_carea' id='block_1_5' title="bbox 39 1682 883 2310">
    <p class='ocr_par' dir='ltr' id='par_1_6' title="bbox 39 1682 883 2017">
     <span class='ocr_line' id='line_1_20' title="bbox 57 1682 883 1728; baseline -0.001 -9"><span class='ocrx_word' id='word_1_150' title='bbox 57 1683 174 1721; x_wconf 88' lang='lat' dir='ltr'>sententias</span> <span class='ocrx_word' id='word_1_151' title='bbox 186 1684 212 1721; x_wconf 88' lang='lat' dir='ltr'>de</span> <span class='ocrx_word' id='word_1_152' title='bbox 222 1683 300 1721; x_wconf 85' lang='lat' dir='ltr'>effectu</span> <span class='ocrx_word' id='word_1_153' title='bbox 309 1684 413 1728; x_wconf 87' lang='lat' dir='ltr'>baptismi</span> <span class='ocrx_word' id='word_1_154' title='bbox 422 1683 546 1727; x_wconf 83' lang='lat' dir='ltr'>infantium,</span> <span class='ocrx_word' id='word_1_155' title='bbox 558 1683 654 1728; x_wconf 88' lang='lat' dir='ltr'>alteram,</span> <span class='ocrx_word' id='word_1_156' title='bbox 664 1693 718 1727; x_wconf 92' lang='lat' dir='ltr'>quae</span> <span class='ocrx_word' id='word_1_157' title='bbox 731 1682 785 1719; x_wconf 93' lang='lat' dir='ltr'>dicit</span> <span class='ocrx_word' id='word_1_158' title='bbox 797 1682 883 1726; x_wconf 86' lang='lat' dir='ltr'>culpam</span> 
     </span>
     <span class='ocr_line' id='line_1_21' title="bbox 57 1745 883 1800; baseline -0.001 -7"><span class='ocrx_word' id='word_1_159' title='bbox 57 1756 145 1799; x_wconf 90' lang='lat' dir='ltr'>quidem</span> <span class='ocrx_word' id='word_1_160' title='bbox 159 1757 246 1800; x_wconf 84' lang='lat' dir='ltr'>remitti,</span> <span class='ocrx_word' id='word_1_161' title='bbox 262 1767 305 1794; x_wconf 86' lang='lat' dir='ltr'>non</span> <span class='ocrx_word' id='word_1_162' title='bbox 321 1760 391 1794; x_wconf 90' lang='lat' dir='ltr'>autem</span> <span class='ocrx_word' id='word_1_163' title='bbox 406 1756 497 1800; x_wconf 81' lang='lat' dir='ltr'>gratiam</span> <span class='ocrx_word' id='word_1_164' title='bbox 512 1756 615 1800; x_wconf 79' lang='lat' dir='ltr'>conferri,</span> <span class='ocrx_word' id='word_1_165' title='bbox 629 1756 717 1793; x_wconf 86' lang='lat' dir='ltr'>aiteram</span> <span class='ocrx_word' id='word_1_166' title='bbox 733 1766 787 1800; x_wconf 88' lang='lat' dir='ltr'>quae</span> <span class='ocrx_word' id='word_1_167' title='bbox 802 1745 883 1793; x_wconf 87' lang='lat' dir='ltr'>utrum-</span> 
     </span>
     <span class='ocr_line' id='line_1_22' title="bbox 57 1817 883 1873; baseline -0.001 -8"><span class='ocrx_word' id='word_1_168' title='bbox 57 1840 97 1872; x_wconf 92' lang='lat' dir='ltr'>que</span> <span class='ocrx_word' id='word_1_169' title='bbox 112 1829 233 1867; x_wconf 58' lang='lat' dir='ltr'>affirmata.</span> <span class='ocrx_word' id='word_1_170' title='bbox 248 1829 383 1873; x_wconf 90' lang='lat' dir='ltr'>Suppouitur</span> <span class='ocrx_word' id='word_1_171' title='bbox 396 1830 420 1866; x_wconf 92' lang='lat' dir='ltr'>in</span> <span class='ocrx_word' id='word_1_172' title='bbox 435 1829 513 1867; x_wconf 88' lang='lat' dir='ltr'>adultis</span> <span class='ocrx_word' id='word_1_173' title='bbox 528 1833 549 1866; x_wconf 93' lang='lat' dir='ltr'>et</span> <span class='ocrx_word' id='word_1_174' title='bbox 562 1829 648 1872; x_wconf 89' lang='lat' dir='ltr'>culpam</span> <span class='ocrx_word' id='word_1_175' title='bbox 662 1828 743 1865; x_wconf 87' lang='lat' dir='ltr'>remitti</span> <span class='ocrx_word' id='word_1_176' title='bbox 757 1831 777 1865; x_wconf 93' lang='lat' dir='ltr'>et</span> <span class='ocrx_word' id='word_1_177' title='bbox 792 1817 883 1872; x_wconf 77' lang='lat' dir='ltr'>gratiam</span> 
     </span>
     <span class='ocr_line' id='line_1_23' title="bbox 57 1886 883 1946; baseline -0.001 -9"><span class='ocrx_word' id='word_1_178' title='bbox 57 1902 151 1941; x_wconf 81' lang='lat' dir='ltr'>infundi.</span> <span class='ocrx_word' id='word_1_179' title='bbox 166 1886 214 1938; x_wconf 90' lang='lat' dir='ltr'>cum</span> <span class='ocrx_word' id='word_1_180' title='bbox 227 1902 269 1939; x_wconf 91' lang='lat' dir='ltr'>hoc</span> <span class='ocrx_word' id='word_1_181' title='bbox 283 1902 309 1939; x_wconf 89' lang='lat' dir='ltr'>ab</span> <span class='ocrx_word' id='word_1_182' title='bbox 322 1902 430 1946; x_wconf 85' lang='lat' dir='ltr'>aliquibus</span> <span class='ocrx_word' id='word_1_183' title='bbox 442 1902 540 1945; x_wconf 89' lang='lat' dir='ltr'>praecise</span> <span class='ocrx_word' id='word_1_184' title='bbox 552 1902 580 1939; x_wconf 90' lang='lat' dir='ltr'>ob</span> <span class='ocrx_word' id='word_1_185' title='bbox 594 1902 651 1938; x_wconf 88' lang='lat' dir='ltr'>hanc</span> <span class='ocrx_word' id='word_1_186' title='bbox 665 1901 771 1938; x_wconf 88' lang='lat' dir='ltr'>rationem</span> <span class='ocrx_word' id='word_1_187' title='bbox 786 1890 883 1943; x_wconf 81' lang='lat' dir='ltr'>parvulis</span> 
     </span>
     <span class='ocr_line' id='line_1_24' title="bbox 39 1970 665 2017; baseline 0.002 -10"><span class='ocrx_word' id='word_1_188' title='bbox 39 1989 43 1993; x_wconf 93' lang='lat'>·</span> <span class='ocrx_word' id='word_1_189' title='bbox 58 1974 181 2016; x_wconf 80' lang='lat' dir='ltr'>negabatur,</span> <span class='ocrx_word' id='word_1_190' title='bbox 195 1973 246 2017; x_wconf 88' lang='lat' dir='ltr'>quia</span> <span class='ocrx_word' id='word_1_191' title='bbox 261 1974 313 2010; x_wconf 88' lang='lat' dir='ltr'>huic</span> <span class='ocrx_word' id='word_1_192' title='bbox 329 1973 436 2011; x_wconf 85' lang='lat' dir='ltr'>infusioni</span> <span class='ocrx_word' id='word_1_193' title='bbox 451 1984 495 2011; x_wconf 92' lang='lat' dir='ltr'>non</span> <span class='ocrx_word' id='word_1_194' title='bbox 508 1970 665 2011; x_wconf 72' lang='lat' dir='ltr'>&#39;consentirent</span> 
     </span>
    </p>

    <p class='ocr_par' dir='ltr' id='par_1_7' title="bbox 58 2031 883 2310">
     <span class='ocr_line' id='line_1_25' title="bbox 109 2031 883 2093; baseline 0.008 -12"><span class='ocrx_word' id='word_1_195' title='bbox 109 2044 175 2082; x_wconf 51' lang='lat' dir='ltr'>‘Ceno</span> <span class='ocrx_word' id='word_1_196' title='bbox 190 2045 328 2082; x_wconf 77' lang='lat' dir='ltr'>Vrunnnusn:</span> <span class='ocrx_word' id='word_1_197' title='bbox 348 2045 446 2083; x_wconf 71' lang='lat' dir='ltr'>«Verum</span> <span class='ocrx_word' id='word_1_198' title='bbox 462 2047 513 2090; x_wconf 89' lang='lat' dir='ltr'>quia</span> <span class='ocrx_word' id='word_1_199' title='bbox 530 2050 634 2091; x_wconf 85' lang='lat' dir='ltr'>quantum</span> <span class='ocrx_word' id='word_1_200' title='bbox 651 2048 679 2085; x_wconf 90' lang='lat' dir='ltr'>ad</span> <span class='ocrx_word' id='word_1_201' title='bbox 696 2031 797 2086; x_wconf 84' lang='lat' dir='ltr'>effectum</span> <span class='ocrx_word' id='word_1_202' title='bbox 814 2050 883 2093; x_wconf 80' lang='lat' dir='ltr'>hapu-</span> 
     </span>
     <span class='ocr_line' id='line_1_26' title="bbox 58 2099 883 2165; baseline 0.007 -12"><span class='ocrx_word' id='word_1_203' title='bbox 58 2117 98 2154; x_wconf 88' lang='lat' dir='ltr'>smi</span> <span class='ocrx_word' id='word_1_204' title='bbox 110 2099 139 2154; x_wconf 88' lang='lat' dir='ltr'>in</span> <span class='ocrx_word' id='word_1_205' title='bbox 156 2111 260 2161; x_wconf 88' lang='lat' dir='ltr'>parvulis,</span> <span class='ocrx_word' id='word_1_206' title='bbox 276 2118 415 2161; x_wconf 90' lang='lat' dir='ltr'>reperiuntur</span> <span class='ocrx_word' id='word_1_207' title='bbox 432 2118 531 2156; x_wconf 91' lang='lat' dir='ltr'>doctores</span> <span class='ocrx_word' id='word_1_208' title='bbox 548 2119 637 2163; x_wconf 87' lang='lat' dir='ltr'>quidam</span> <span class='ocrx_word' id='word_1_209' title='bbox 654 2120 750 2164; x_wconf 83' lang='lat' dir='ltr'>theologi</span> <span class='ocrx_word' id='word_1_210' title='bbox 767 2121 883 2165; x_wconf 86' lang='lat' dir='ltr'>opiniones</span> 
     </span>
     <span class='ocr_line' id='line_1_27' title="bbox 59 2182 883 2236; baseline 0.006 -10"><span class='ocrx_word' id='word_1_211' title='bbox 59 2190 178 2227; x_wconf 87' lang='lat' dir='ltr'>contrarias</span> <span class='ocrx_word' id='word_1_212' title='bbox 194 2190 315 2228; x_wconf 90' lang='lat' dir='ltr'>habuisse...</span> <span class='ocrx_word' id='word_1_213' title='bbox 330 2191 374 2229; x_wconf 89' lang='lat' dir='ltr'>Nos</span> <span class='ocrx_word' id='word_1_214' title='bbox 390 2194 460 2229; x_wconf 84' lang='lat' dir='ltr'>autem</span> <span class='ocrx_word' id='word_1_215' title='bbox 477 2192 610 2229; x_wconf 76' lang='lat' dir='ltr'>attendentes</span> <span class='ocrx_word' id='word_1_216' title='bbox 627 2194 748 2236; x_wconf 81' lang='lat' dir='ltr'>generalem</span> <span class='ocrx_word' id='word_1_217' title='bbox 766 2182 883 2231; x_wconf 86' lang='lat' dir='ltr'>efficaciam</span> 
     </span>
     <span class='ocr_line' id='line_1_28' title="bbox 58 2263 883 2310; baseline 0.007 -12"><span class='ocrx_word' id='word_1_218' title='bbox 58 2263 133 2300; x_wconf 87' lang='lat' dir='ltr'>mortis</span> <span class='ocrx_word' id='word_1_219' title='bbox 147 2263 233 2307; x_wconf 88' lang='lat' dir='ltr'>Christi,</span> <span class='ocrx_word' id='word_1_220' title='bbox 247 2274 301 2308; x_wconf 90' lang='lat' dir='ltr'>quae</span> <span class='ocrx_word' id='word_1_221' title='bbox 314 2275 354 2307; x_wconf 90' lang='lat' dir='ltr'>per</span> <span class='ocrx_word' id='word_1_222' title='bbox 365 2264 473 2308; x_wconf 85' lang='lat' dir='ltr'>baptisma</span> <span class='ocrx_word' id='word_1_223' title='bbox 487 2266 609 2308; x_wconf 89' lang='lat' dir='ltr'>applicatur</span> <span class='ocrx_word' id='word_1_224' title='bbox 621 2265 704 2309; x_wconf 88' lang='lat' dir='ltr'>pariter</span> <span class='ocrx_word' id='word_1_225' title='bbox 718 2266 818 2304; x_wconf 91' lang='lat' dir='ltr'>omnibus</span> <span class='ocrx_word' id='word_1_226' title='bbox 832 2267 883 2310; x_wconf 89' lang='lat' dir='ltr'>hap-</span> 
     </span>
    </p>
   </div>
   <div class='ocr_carea' id='block_1_6' title="bbox 59 2324 883 2383">
    <p class='ocr_par' dir='ltr' id='par_1_8' title="bbox 59 2324 883 2383">
     <span class='ocr_line' id='line_1_29' title="bbox 59 2324 883 2383; baseline 0.006 -13"><span class='ocrx_word' id='word_1_227' title='bbox 59 2334 134 2379; x_wconf 84' lang='lat' dir='ltr'>tizatis‚</span> <span class='ocrx_word' id='word_1_228' title='bbox 148 2325 274 2379; x_wconf 86' lang='lat' dir='ltr'>opinionem</span> <span class='ocrx_word' id='word_1_229' title='bbox 287 2336 411 2380; x_wconf 87' lang='lat' dir='ltr'>secundam,</span> <span class='ocrx_word' id='word_1_230' title='bbox 423 2347 477 2381; x_wconf 89' lang='lat' dir='ltr'>quae</span> <span class='ocrx_word' id='word_1_231' title='bbox 491 2337 550 2380; x_wconf 74' lang='lat' dir='ltr'>dicit,</span> <span class='ocrx_word' id='word_1_232' title='bbox 563 2342 607 2375; x_wconf 86' lang='lat' dir='ltr'>tam</span> <span class='ocrx_word' id='word_1_233' title='bbox 618 2338 715 2381; x_wconf 85' lang='lat' dir='ltr'>parvulis</span> <span class='ocrx_word' id='word_1_234' title='bbox 727 2349 791 2383; x_wconf 89' lang='lat' dir='ltr'>quam</span> <span class='ocrx_word' id='word_1_235' title='bbox 804 2324 883 2377; x_wconf 86' lang='lat' dir='ltr'>adultis</span> 
     </span>
    </p>
   </div>
   <div class='ocr_carea' id='block_1_7' title="bbox 49 2527 885 2743">
    <p class='ocr_par' dir='ltr' id='par_1_9' title="bbox 49 2527 885 2622">
     <span class='ocr_line' id='line_1_30' title="bbox 49 2527 885 2569; baseline 0.004 -9"><span class='ocrx_word' id='word_1_236' title='bbox 49 2532 50 2536; x_wconf 78' lang='grc'>’</span> <span class='ocrx_word' id='word_1_237' title='bbox 107 2531 124 2553; x_wconf 70' lang='grc'>48</span> <span class='ocrx_word' id='word_1_238' title='bbox 137 2528 165 2560; x_wconf 86' lang='lat' dir='ltr'>De</span> <span class='ocrx_word' id='word_1_239' title='bbox 175 2527 212 2561; x_wconf 84' lang='lat' dir='ltr'>hac</span> <span class='ocrx_word' id='word_1_240' title='bbox 224 2528 339 2567; x_wconf 86' lang='lat' dir='ltr'>quaestione</span> <span class='ocrx_word' id='word_1_241' title='bbox 349 2528 373 2560; x_wconf 82' lang='lat' dir='ltr'>ci.</span> <span class='ocrx_word' id='word_1_242' title='bbox 385 2528 412 2560; x_wconf 88' lang='lat' dir='ltr'>De</span> <span class='ocrx_word' id='word_1_243' title='bbox 424 2527 531 2561; x_wconf 86' lang='lat' dir='ltr'>virtutihus</span> <span class='ocrx_word' id='word_1_244' title='bbox 543 2528 660 2566; x_wconf 85' lang='lat' dir='ltr'>theologicis</span> <span class='ocrx_word' id='word_1_245' title='bbox 671 2539 700 2561; x_wconf 81' lang='grc'><strong>111.</strong></span> <span class='ocrx_word' id='word_1_246' title='bbox 713 2530 791 2562; x_wconf 73' lang='lat'>585-537</span> <span class='ocrx_word' id='word_1_247' title='bbox 804 2533 823 2562; x_wconf 79' lang='lat' dir='ltr'>ct</span> <span class='ocrx_word' id='word_1_248' title='bbox 835 2540 885 2569; x_wconf 80' lang='lat' dir='ltr'>(prae</span> 
     </span>
     <span class='ocr_line' id='line_1_31' title="bbox 60 2586 193 2622; baseline 0.03 -4"><span class='ocrx_word' id='word_1_249' title='bbox 60 2586 88 2619; x_wconf 90' lang='lat' dir='ltr'>ihi</span> <span class='ocrx_word' id='word_1_250' title='bbox 101 2589 193 2622; x_wconf 80' lang='lat' dir='ltr'>citantur.</span> 
     </span>
    </p>

    <p class='ocr_par' dir='ltr' id='par_1_10' title="bbox 107 2648 612 2691">
     <span class='ocr_line' id='line_1_32' title="bbox 107 2648 612 2691; baseline 0 -9"><span class='ocrx_word' id='word_1_251' title='bbox 107 2653 124 2675; x_wconf 80' lang='lat'>4⁹</span> <span class='ocrx_word' id='word_1_252' title='bbox 138 2648 177 2691; x_wconf 81' lang='lat' dir='ltr'>Cir.</span> <span class='ocrx_word' id='word_1_253' title='bbox 190 2650 218 2682; x_wconf 87' lang='lat' dir='ltr'>De</span> <span class='ocrx_word' id='word_1_254' title='bbox 231 2649 339 2682; x_wconf 86' lang='lat' dir='ltr'>virtutibus</span> <span class='ocrx_word' id='word_1_255' title='bbox 354 2649 469 2687; x_wconf 80' lang='lat' dir='ltr'>theologicis</span> <span class='ocrx_word' id='word_1_256' title='bbox 483 2659 513 2682; x_wconf 90' lang='lat' dir='ltr'>nr.</span> <span class='ocrx_word' id='word_1_257' title='bbox 528 2649 612 2682; x_wconf 73' lang='lat'>588-599.</span> 
     </span>
    </p>

    <p class='ocr_par' dir='ltr' id='par_1_11' title="bbox 107 2710 249 2743">
     <span class='ocr_line' id='line_1_33' title="bbox 107 2710 249 2743; baseline 0 -1"><span class='ocrx_word' id='word_1_258' title='bbox 107 2713 124 2735; x_wconf 80' lang='lat'>⁵⁰</span> <span class='ocrx_word' id='word_1_259' title='bbox 137 2710 195 2743; x_wconf 89' lang='lat' dir='ltr'>Denz.</span> <span class='ocrx_word' id='word_1_260' title='bbox 209 2710 249 2743; x_wconf 83' lang='grc'><strong>4111.</strong></span> 
     </span>
    </p>
   </div>
   <div class='ocr_carea' id='block_1_8' title="bbox 0 0 987 3093">
    <p class='ocr_par' dir='ltr' id='par_1_12' title="bbox 0 0 987 3093">
     <span class='ocr_line' id='line_1_34' title="bbox 0 0 987 3093; baseline 0 0"><span class='ocrx_word' id='word_1_261' title='bbox 0 0 987 3093; x_wconf 95' lang='lat' dir='ltr'> </span> 
     </span>
    </p>
   </div>
  </div>
 </body>
</html>
