1952 3093
430 49 551 91 «305-

74 171 158 215 dilecte,
173 169 247 207 omnia
262 170 306 213 agit
319 172 342 206 et
356 171 458 212 operatur
473 172 496 206 ut
509 178 549 205 nos
565 168 643 206 virtute
659 167 770 212 splendidi
785 167 862 212 simus;
879 170 900 204 et

71 253 120 280 cum
133 252 172 281 nos
183 241 235 279 velit
246 244 347 285 acceptos
360 240 495 285 etprobatos
507 251 560 284 esse,
573 251 616 277 non
629 241 651 278 vi
663 243 700 277 aut
712 239 847 283 necessitate,
859 238 897 276 sed

72 315 172 353 suasione
189 317 209 351 et
224 313 336 351 beneficiis
353 313 397 350 suis
415 313 511 350 volentes
527 322 601 350 omnes
619 312 687 350 allicit
704 313 768 349 etad
785 323 807 349 se
824 311 897 348 trahit.

72 389 189 430 Propterea
203 387 326 423 venientem
339 385 401 422 illum
416 385 453 422 alii
467 388 601 430 receperunt,
617 385 654 422 alii
669 387 766 423 non»²³.

74 467 76 470 ·
126 459 146 496 S.
159 459 313 496 Audusrmus:
330 457 416 495 «Vocat
428 457 525 502 undique
538 458 565 494 ad
580 457 744 501 correctionem,
759 460 823 494 vocat
836 456 898 494 undi—

72 543 112 577 que
125 531 153 568 ad
165 530 329 574 poenitentiam,
343 533 406 567 vocat
417 529 529 567 beneficiis
544 533 661 573 creaturae,
675 533 738 567 vocat
751 529 897 573 impertiendo

73 607 158 647 tempus
174 603 268 646 vivendi,
284 605 347 639 vocat
362 612 401 646 per
416 602 526 646 lectorem,
541 605 605 639 vocat
620 613 659 645 per
674 604 819 646 tractatorem,
835 604 898 639 vocat

75 686 113 720 per
127 676 227 712 intimam
243 675 402 718 cogitationem,
417 677 481 711 vocat
495 685 535 718 per
549 674 656 717 flagellum
671 675 823 717 correptionis,
837 676 900 710 vocat

74 758 113 792 per
124 746 299 784 misericordiam
311 747 477 784 consolationis:
491 746 631 789 Longanimis
644 750 664 784 et
676 746 767 783 multum
777 746 900 783 misericor·

74 819 174 857 diae»24⁴
190 831 200 855 «
209 819 276 856 Docet
289 819 347 857 Deus
361 818 488 856 suavitatem
502 818 633 861 inspirando
648 818 819 863 delectationem,
836 818 898 855 docet

75 891 215 934 disciplinam
227 891 369 936 temperando
382 891 551 935 tribulationem,
565 891 628 927 docet
640 890 753 927 scientiam
767 890 899 927 insinuando

76 963 228 1006 cognitionem.
242 962 295 1000 Cum
307 963 379 1006 itaque
394 962 500 1006 alia'sint‚
515 973 569 1007 quae
583 962 633 1000 ideo
648 945 759 1007 discimus,
772 966 795 999 ut
809 965 901 999 tantum-

73 1034 138 1073 modo
151 1019 251 1079 sciamus,
263 1035 305 1071 alia
318 1045 369 1072 vero
382 1037 405 1071 ut
417 1034 482 1071 etiam
494 1034 609 1080 faciamus;
623 1034 710 1079 quando
721 1035 778 1071 Deus
792 1045 816 1072 ea
830 1035 898 1075 docet,

74 1107 183 1145 sicdocet
196 1110 219 1144 ut
232 1106 322 1144 scienda
335 1107 429 1145 sciamus
443 1107 561 1150 aperiendo
576 1107 695 1153 veritatem,
709 1107 741 1144 sic
755 1107 818 1144 docet
831 1110 855 1144 ut
870 1107 899 1143 ia-

75 1179 153 1217 cienda
171 1180 277 1216 iaciamus
295 1179 425 1222 inspirando
443 1179 589 1216 suavitatem»
598 1183 622 1215 2⁵.
641 1179 717 1216 «Deus
736 1179 794 1216 enim
814 1181 845 1217 est
862 1179 899 1223 qui

76 1254 178 1295 operatur
195 1251 217 1287 in
234 1250 296 1288 vohis
314 1254 335 1288 et
352 1251 406 1288 velle
424 1255 445 1288 et
461 1251 548 1295 operari
565 1261 605 1295 pro
623 1251 681 1288 bona
698 1252 840 1289 voluntateffi.
858 1250 900 1288 Ubi

75 1322 126 1365 satis
140 1323 235 1363 ostendit
253 1322 384 1367 (Apostolus)
398 1323 463 1361 etiam
475 1324 545 1367 ipsam
559 1323 639 1360 bonam
653 1324 785 1360 voluntatem
799 1324 823 1359 in
836 1322 899 1360 nobis

75 1398 178 1438 operante
194 1395 238 1431 Deo
254 1394 353 1431 derisa.
368 1417 396 1423 -
411 1394 532 1433 «Voluntas
549 1395 603 1439 ipsa,
620 1395 663 1432 nisi
680 1395 763 1440 aliquid
780 1395 901 1432 occurrerit

75 1467 133 1511 quod
144 1466 235 1503 delectet
247 1469 309 1511 atque
321 1467 398 1505 invitet
410 1467 512 1510 animum,
524 1468 607 1504 moveri
618 1468 678 1504 nullo
691 1467 755 1505 modo
766 1470 846 1513 potest3
858 1467 899 1504 hoc

25 1576 29 1585 ,
76 1541 146 1575 autem
158 1543 182 1575 ut
194 1538 300 1582 occ'urrat,
314 1549 358 1576 non
370 1540 436 1578 estin
449 1538 545 1576 bominis
558 1541 683 1583 potestate»
692 1542 716 1576 2⁸.

131 1625 141 1646 «
150 1612 193 1648 Nos
203 1615 307 1655 quantum
318 1622 445 1649 concessum
457 1615 489 1649 est
500 1612 619 1657 sapiamus;
632 1616 652 1650 et
663 1612 812 1656 intellegamus
825 1613 843 1649 si
855 1623 903 1655 pos-

78 1693 157 1726 sumus,
175 1683 292 1720 Dominum
309 1683 378 1721 Deum
395 1684 477 1721 bonum
495 1684 544 1722 ideo
564 1684 629 1721 etiam
647 1684 727 1721 sanctis
747 1684 791 1721 suis
810 1684 902 1721 alicuius

77 1755 150 1798 operis
162 1755 214 1792 iusti
226 1755 342 1799 aliquando
356 1766 400 1793 non
411 1755 507 1794 tribuere
517 1756 551 1793 vel
564 1759 644 1793 certam
657 1757 770 1794 scientiam
783 1757 818 1794 vel
830 1756 903 1793 victri-

78 1837 125 1863 cem
139 1826 311 1872 delectationem,
325 1830 348 1865 ut
363 1832 495 1871 cognoscant
511 1838 554 1865 non
570 1839 582 1865 a
597 1840 619 1865 se
634 1828 696 1873 ipsis,
711 1828 749 1866 sed
765 1828 791 1865 ab
806 1828 844 1866 illo
860 1828 903 1865 sibi

77 1908 122 1935 esse
138 1899 215 1942 lucem,
233 1910 275 1943 qua
292 1899 444 1937 illuminentur
460 1900 561 1938 tenebrae
580 1911 660 1944 eorum,
677 1903 698 1937 et
714 1901 841 1938 suavitatem
859 1911 901 1944 qua

77 1970 112 2006 det
129 1971 223 2007 fructum
240 1982 301 2008 suum
318 1975 375 2008 terra
391 1983 471 2009 eorum.
489 1972 541 2009 Cum
558 1975 628 2009 autem
645 1972 671 2009 ab
687 1973 725 2010 illo
742 1972 801 2009 illius
818 1973 901 2009 adiuto-

77 2041 133 2079 rium
153 2043 295 2085 deprecamur
312 2043 340 2080 ad
358 2044 481 2081 faciendam
500 2043 698 2088 perficiendamque
717 2044 828 2086 iustitiam,
848 2045 901 2088 quid

77 2113 136 2151 aliud
154 2115 302 2159 deprecamur,
317 2125 382 2160 quam
398 2118 420 2153 ut
438 2116 521 2159 aperiat
537 2116 595 2160 quod
612 2116 697 2159 latebat,
716 2120 736 2153 et
753 2127 817 2153 suave
836 2117 902 2153 faciat

78 2185 136 2230 quod
150 2196 194 2223 nou
209 2186 394 2225 delectabatlsw.
540 2167 542 2170 .

78 2281 220 2288 Μ,-

121 2352 143 2381 ‚²³
157 2350 178 2381 ln
192 2349 260 2381 loann.
272 2350 341 2382 homil.
354 2351 381 2388 10,
394 2351 412 2387 1;
426 2351 461 2383 ΜΘ
474 2352 502 2388 59,
516 2352 546 2388 73;
561 2352 577 2384 R
590 2352 641 2383 1159.

127 2414 143 2435 ’Μ
157 2411 224 2442 Enarr.
239 2412 259 2442 iu
274 2411 345 2443 Psalm.
358 2411 398 2449 102,
413 2412 443 2451 163
457 2412 491 2444 ML
503 2413 531 2452 37,
545 2413 600 2452 1330;
616 2414 632 2446 R
646 2415 697 2447 1483,

127 2475 143 2496 2⁵
157 2472 224 2504 Enarr.
237 2473 257 2504 in
270 2472 341 2504 Psalm.
355 2472 394 2504 118.
408 2473 435 2510 17,
448 2473 468 2510 3,·
482 2474 514 2505 ML
527 2474 555 2509 ³7,
568 2475 623 2511 154&
637 2475 652 2507 R
664 2475 715 2506 1485.

127 2536 144 2557 ²⁶
157 2533 203 2565 Phil
217 2533 233 2571 2,
248 2533 275 2565 13.

128 2596 144 2618 2⁷
158 2594 186 2626 De
198 2594 236 2626 div.
248 2597 323 2633 quaest.
336 2595 350 2631 1,
361 2595 377 2632 2,
390 2595 421 2631 12;
434 2594 467 2627 ML
479 2596 507 2633 to,
520 2596 563 2634 118;
577 2596 593 2628 R
606 2597 656 2629 1572.

128 2656 144 2678 2³
158 2654 233 2686 Ibidem
246 2655 262 2693 1,
275 2654 292 2693 2,
305 2654 336 2693 22;
349 2655 382 2687 ML
394 2656 477 2693 40,128;
490 2656 506 2688 R
519 2656 570 2689 1576.

127 2717 144 2738 29
158 2714 185 2746 De
196 2723 247 2753 pecc.
257 2715 334 2747 meritis
347 2718 366 2747 et
379 2715 494 2747 remissione
507 2716 523 2752 2,
537 2716 564 2751 19.
577 2717 608 2754 32;
623 2718 655 2749 ML
668 2718 695 2754 tl,
709 2719 750 2756 17ος
764 2719 779 2751 H
792 2716 856 2752 ilaus

129 2847 222 2880 benenaz.
235 2865 258 2870 -
271 2847 298 2879 De
311 2847 378 2889 Gratia
393 2848 534 2886 Redemptoris.
856 2855 875 2881 20
