1952 3093
378 35 487 72 „31-

22 166 156 209 seducendos
174 166 274 205 homines
292 178 305 204 a
321 166 359 205 via
374 168 415 205 Dei
431 168 454 204 in
473 168 519 205 vias
538 179 587 205 suas
603 168 748 212 11101111111>>ῖΙ
767 168 849 206 «Unde

23 247 42 281 et
54 242 113 278 hunc
124 239 241 278 articulum
253 250 341 278 necesse
353 244 385 279 est
398 251 507 279 revocare.
520 242 574 280 Male
588 243 646 280 enim
657 242 713 296 dixi,
727 243 786 287 quod
798 242 851 279 libe-

24 325 70 353 rum
85 313 200 350 arbitrium
215 316 264 351 ante
279 313 371 357 gratiam
387 314 415 351 sit
430 325 464 351 res
481 315 506 351 de
522 317 568 353 solo
584 316 653 359 titulo,
668 317 706 353 sed
721 315 851 359 simpliciter

24 386 87 426 debui
102 386 186 424 dicere:
203 386 297 424 liberum
312 386 426 424 arbitrium
442 390 473 424 est
487 386 612 430 figmentum
628 389 651 424 in
668 389 731 425 rebus
749 400 786 425 seu
803 388 851 424 titu-

23 463 55 498 lus
67 458 113 496 sine
126 469 156 495 re.
169 457 224 502 Quia
237 459 291 495 nulli
304 460 371 496 estin
384 470 450 496 manu
463 470 501 496 sua
512 460 626 505 quippiam
640 460 734 504 cogitare
748 460 800 497 mali
814 462 851 497 aut

23 533 81 575 boni,
98 531 136 568 scd
153 532 226 570 omnia
246 533 277 575 (ut
293 532 394 577 Viglephi
411 532 514 569 articulus
532 533 670 571 Constantiae
689 535 802 571 damnatus
821 544 852 570 rc-

24 610 55 643 cte
69 604 142 646 docetl
155 604 181 641 de
194 606 322 642 necessitate
337 605 434 643 absoluta
448 605 550 643 eveniunt
559 620 569 642 »
578 609 592 642 ⁸.
608 603 692 643 «Fallit
705 608 745 645 hos
760 607 852 643 miseros

24 678 122 715 homines
140 687 213 714 rerum
229 678 373 715 humanarum
389 679 537 716 inconstantia
556 690 593 716 seu
614 680 646 721 (ut
663 680 749 721 vocant)
768 679 852 716 contin-

24 750 105 795 gentia:
126 750 200 787 oculos
218 751 276 787 enim
294 761 344 787 suos
362 751 437 787 stultos
456 755 555 793 mergunt
572 752 595 787 in
613 762 648 788 res
665 752 724 797 ipsas
743 762 852 795 operaque

25 833 102 866 rerum,
117 831 157 858 nec
172 823 289 867 aliquando
304 823 424 861 elevantia
440 827 580 866 conspectum
593 824 639 868 Dei,
654 827 724 861 utres
739 834 804 867 supra
818 834 852 859 res

26 897 47 932 in
62 895 107 933 Deo
123 899 285 938 cognoscerent.
298 895 366 933 Nobis
381 897 439 933 enim
456 896 483 933 ad
499 896 586 934 interna
602 897 749 940 spectantibus
766 908 800 933 res
817 907 853 939 ap-

25 971 102 1013 parent
119 968 247 1006 arbitrariae
266 973 286 1006 et
304 969 412 1013 fortuitae,
431 970 469 1006 sed
488 970 515 1006 ad
532 980 626 1013 superna
643 970 853 1014 spectantibusfom-

26 1043 60 1079 nia
75 1045 124 1079 sunt
137 1043 266 1087 necessaria,
281 1042 389 1087 quianon
404 1043 460 1079 sicut
474 1053 520 1086 noS,
536 1044 574 1080 sed
589 1043 645 1080 sicut
659 1043 696 1081 ille
711 1044 762 1086 vult,
777 1044 807 1080 ita
823 1042 853 1079 vi-

26 1116 101 1158 vimus,
113 1115 211 1159 facimus‚
223 1116 319 1159 patimur
332 1126 407 1154 omnes
421 1119 441 1153 et
454 1115 533 1153 omnia.
546 1116 619 1154 Cessat
630 1116 723 1153 liberum
738 1116 852 1153 arbitrium

27 1189 165 1232 ergalteum,
183 1189 241 1233 quod
258 1192 349 1232 apparet
365 1199 414 1233 erga
432 1200 471 1226 nos
489 1193 509 1226 et
526 1187 664 1233 temporalia:
684 1189 730 1226 illic
749 1189 813 1232 enim,
831 1191 854 1225 ut

26 1261 116 1299 lacobus
135 1261 171 1304 ait,
190 1272 234 1299 non
252 1265 284 1300 est
302 1262 453 1299 transmutatio
471 1272 511 1298 nec
530 1261 689 1299 vicissitudinis
710 1262 854 1303 obumbratio,

27 1335 62 1371 liic
76 1345 127 1371 vero
142 1335 215 1371 omnia
231 1337 342 1371 mutantur
358 1339 377 1373 et
393 1335 512 1372 variantur.
526 1334 552 1372 Et
567 1345 607 1372 nos
623 1334 682 1370 stulti
701 1334 775 1371 divina
792 1333 854 1371 aesti-

27 1418 108 1444 mamus
127 1408 246 1445 secundum
264 1408 318 1445 haec
337 1407 472 1452 temporalia,
491 1410 514 1444 ut
532 1407 601 1444 libero
621 1406 712 1444 arbitrio
731 1416 854 1450 praesuma-

27 1491 73 1517 mus
87 1480 155 1517 Deum
168 1480 297 1523 praevenire
311 1483 331 1517 et
345 1481 436 1524 gratiam
449 1483 577 1524 extorquere
592 1480 649 1516 uelut
665 1479 788 1522 dormienti,
804 1490 855 1522 quo-

27 1553 67 1589 ties
80 1553 167 1590 libitum
181 1553 253 1596 fuerit,
266 1552 328 1597 quasi
341 1552 377 1590 ille
391 1553 471 1589 mutari
486 1552 600 1589 nobiscum
613 1551 683 1595 possit
697 1555 717 1589 et
730 1552 782 1588 velit
796 1551 855 1595 quod

29 1625 144 1669 aliquando
158 1635 202 1662 non
217 1625 292 1669 voluit,
305 1625 371 1669 idque
386 1627 461 1662 nostro
476 1624 545 1662 libero
561 1624 652 1661 arbitrio
667 1627 770 1667 operante
785 1627 805 1660 et
820 1634 855 1660 vo-

27 1698 94 1735 lente:
108 1709 122 1735 o
133 1698 194 1735 furor
204 1698 302 1735 furorum
313 1698 410 1735 omnium
421 1696 563 1734 novissimus!
575 1696 602 1734 Et
613 1697 690 1734 Paulus
702 1696 751 1740 Eph
763 1696 774 1732 2
788 1696 852 1733 dicit:

28 1769 117 1807 Eramus
130 1773 150 1807 et
163 1780 202 1807 nos
215 1773 292 1807 natura
304 1769 344 1806 filii
357 1771 402 1807 irae
415 1769 470 1806 sicut
482 1772 502 1806 et
514 1769 600 1806 caeteri.
614 1769 636 1806 Si
650 1779 724 1806 omnes
737 1771 798 1805 extra
810 1777 856 1811 gra-

29 1842 80 1878 tiam
96 1845 146 1879 sunt
159 1841 199 1878 filii
215 1843 260 1879 irae
277 1854 303 1879 ex
319 1842 367 1885 ipsa
383 1845 466 1884 natura,
483 1850 533 1884 crgo
550 1844 570 1878 et
584 1840 677 1877 liberum
693 1840 808 1877 arbitrium
825 1843 857 1876 est

26 1912 82 1950 filius
95 1914 141 1951 irae
154 1925 180 1950 ex
193 1916 271 1951 natura
283 1924 332 1951 sua:
348 1914 366 1951 si
381 1925 407 1951 ex
421 1916 498 1950 natura
511 1923 555 1955 sua,
570 1913 637 1949 multo
652 1912 720 1956 magis
735 1923 761 1949 ex
776 1911 854 1949 omini-

30 1984 68 2023 bus
84 1986 187 2031 operibus
203 1987 255 2025 suis.
271 1986 328 2030 Quid
343 1989 414 2024 autent
429 1997 475 2023 esse
491 1988 562 2029 potest
578 1988 655 2022 natura
671 1984 728 2022 filius
744 1986 796 2028 irae,
814 1984 856 2020 nisi

29 2059 87 2103 quod
103 2060 178 2097 omnia
192 2071 246 2105 quae
264 2059 317 2097 iacit
334 2063 384 2097 sunt
400 2060 463 2103 mala,
481 2069 524 2095 non
542 2058 570 2096 ad
585 2057 683 2102 gratiam,
700 2058 738 2095 sed
756 2058 783 2095 ad
802 2058 856 2094 iram

30 2133 188 2177 praeparantia,
204 2133 270 2170 immo
284 2132 340 2169 iram
355 2131 474 2169 merentia?
490 2131 520 2167 Ite
536 2141 601 2174 nunc,
616 2130 734 2174 Pelagiant
751 2134 771 2168 et
787 2130 857 2174 operi-

30 2204 69 2243 bus
84 2205 162 2243 vestris
177 2208 306 2250 praeparate
322 2215 361 2242 vos
379 2205 406 2242 ad
423 2204 520 2248 gratiam,
539 2214 588 2241 cum
605 2204 642 2240 hic
657 2200 736 2240 Paulus
753 2213 797 2240 non
815 2202 856 2238 nisi

30 2276 84 2314 iram
97 2276 142 2315 illis
155 2278 234 2315 mereri
248 2288 323 2315 omnes
337 2277 402 2314 dicat.
413 2276 486 2313 Mitius
501 2279 552 2319 erat,
567 2276 585 2313 si
599 2276 668 2313 solum
684 2275 774 2313 dixisset
788 2274 858 2310 ''Era-

31 2360 77 2387 mus
91 2350 130 2387 filii
146 2351 192 2388 irae
199 2350 216 2396 '',
231 2350 269 2388 sed
284 2350 367 2398 addens
381 2349 393 2366 ’³
401 2352 478 2386 natura
486 2348 498 2363 ”
512 2351 570 2386 certe
584 2350 658 2391 totum,
674 2349 732 2392 quod
749 2359 822 2385 sumus
839 2350 858 2384 et

32 2421 122 2460 tacimus
138 2435 164 2460 ex
179 2426 262 2466 natura,
276 2433 319 2459 non
335 2423 377 2459 nisi
394 2422 494 2458 meritum
510 2421 561 2464 irae,
578 2431 713 2464 nequaquam
729 2420 810 2464 gratiae
827 2420 858 2456 in-
