1952 3093
392 79 514 118 -289—

42 205 124 243 reditas3
140 204 240 237 hereditas
255 205 321 235 autem
336 212 377 235 non
392 206 421 236 est
437 211 519 241 merces;
537 203 619 235 debetur
634 202 688 235 enim
703 201 816 242 filiis'quia
830 201 867 234 tilii

42 267 93 304 sunt,
105 274 145 297 non
157 264 205 303 quia
218 264 320 297 laboribus
334 263 376 296 suis
390 272 434 296 eam
447 266 567 296 meruerunt.

89 325 146 365 Resp.
163 325 229 357 «Cum
246 324 267 356 in
284 323 390 362 Scripturis
406 324 449 356 vita
466 325 546 356 aeterna
561 332 602 355 non
618 323 686 356 minus
702 332 766 363 saepe,
782 323 867 356 fortasse

42 388 102 422 etiam
118 385 197 424 saepius
212 385 290 417 dicatur
304 393 377 417 merces
394 393 454 423 quarn
469 384 575 422 hereditas,
591 384 643 416 unde
657 383 751 423 probabit
767 383 867 423 Calvinus,

42 447 144 482 dicendam
159 455 201 478 esse
216 445 295 485 proprie
309 445 446 484 hereditatem,
461 444 569 483 improprie
584 444 699 484 mercedem,
713 447 732 477 et
745 453 785 477 non
799 445 866 485 potius

42 509 115 546 contra,
126 506 234 539 mercedem
244 506 329 545 proprie,
340 505 470 538 hereditatem
481 504 601 544 improprie?
612 505 691 545 Deinde,
703 504 751 545 quid
762 505 779 538 si
791 508 867 538 utrum—

43 567 79 610 que
93 568 157 608 possit
171 567 209 599 dici
224 567 315 606 proprie?
328 566 388 599 habet
404 566 457 598 enim
471 565 514 599 vita
528 568 608 598 aeterna
622 565 758 599 condicionem
772 565 866 599 mercedis

43 633 61 664 et
74 628 197 660 hereditatis.
210 628 274 659 Datur
288 626 342 659 enim
357 636 381 658 ex
395 625 528 665 promissione
543 626 688 665 laborantibus,
704 626 757 666 quod
772 628 801 659 est
817 635 867 659 mer-

42 689 94 724 cedis
102 688 214 727 proprium;
225 688 244 719 et
253 696 293 719 non
304 688 362 719 datur
370 686 410 719 nisi
419 686 472 726 111115,
481 686 534 725 quod
543 690 573 719 est
580 687 683 725 proprium
692 686 809 720 hereditatis
816 697 826 719 1
833 689 867 719 1⁸⁵.

90 749 132 781 «At
146 748 162 780 si
174 748 222 780 liliis
236 747 317 779 debetur
329 747 434 785 hereditas,
448 747 495 786 quia
508 746 545 779 filii
559 750 611 785 sunt,
626 746 674 786 quid
687 757 737 786 opus
751 750 781 780 est
794 756 830 787 pro
844 756 867 779 ea

44 808 169 848 adipiscenda
179 807 281 840 laborare?

53 871 56 873 ’
90 868 198 908 Responsio
209 869 238 900 est
248 868 269 899 in
278 870 381 907 promptu:
393 876 440 899 nam
449 867 530 900 tametsi
539 867 635 907 parvulis,
646 867 680 907 qui
690 877 736 901 mox
747 878 758 900 a
767 867 867 907 baptismo

44 929 144 969 decedunt,
157 929 200 962 vita
213 916 293 961 aeterna
307 928 391 960 donetur
404 927 447 960 solo
462 928 505 960 iure
519 927 642 967 hereditatis,
657 929 723 960 tamen
738 928 803 961 voluit
815 928 867 961 Deus

44 990 94 1023 tilios
107 998 159 1027 suos,
171 989 206 1028 qui
217 997 276 1021 usum
287 987 371 1021 rationis
382 987 462 1027 habent,
475 988 561 1027 propriis
574 987 676 1020 laboribus
689 991 708 1020 et
721 988 798 1021 meritis
811 987 874 1020 iilam¹

45 1049 150 1090 acquirere,
165 1050 187 1081 ut
203 1048 277 1088 duplici
292 1048 352 1081 titulo
368 1048 410 1080 illis
425 1048 468 1081 vita
482 1051 562 1081 aeterna
577 1047 685 1087 deberetur,
701 1048 761 1081 titulo
777 1048 868 1091 videlicet

43 1110 158 1143 hereditatis
170 1110 189 1141 et
198 1109 241 1141 iure
251 1108 355 1147 mercedis;
366 1108 461 1148 quoniam
472 1108 525 1141 enim
535 1108 598 1146 magis
609 1108 740 1141 honorificum
751 1110 786 1148 est,
796 1108 868 1142 habere

45 1170 120 1210 aliquid
131 1178 155 1202 ex
165 1154 241 1207 merito,
252 1178 312 1208 quam
321 1177 345 1201 ex
356 1169 399 1201 sola
410 1168 522 1207 donatione,
534 1169 577 1201 ideo
589 1168 641 1202 Deus
652 1170 674 1201 111
683 1168 735 1202 filios
747 1178 794 1202 suos
805 1169 868 1208 magis
908 1184 910 1189 ·

37 1232 155 1268 honoraret,
167 1230 188 1262 id
200 1230 261 1263 etiam
273 1229 301 1262 eis
313 1228 420 1269 praestitit,
432 1231 454 1261 ut
466 1229 529 1262 vitam
543 1231 643 1262 aeternam
655 1238 690 1268 per
700 1229 771 1262 merita
784 1229 822 1262 sibi
833 1239 868 1269 pa-

45 1292 116 1325 rarent.
130 1291 180 1323 Nam
195 1292 214 1323 et
228 1289 267 1329 ipsi
280 1289 358 1322 Christo
373 1289 440 1322 debita
454 1291 496 1322 erat
511 1289 574 1328 gloria
588 1289 676 1328 corporis
691 1292 710 1322 et
724 1289 819 1323 exaltatio
833 1299 868 1322 no-

45 1351 104 1384 minis
116 1351 153 1384 hoc
166 1350 216 1389 ipso,
229 1349 281 1389 quod
294 1350 400 1383 eratfilius
413 1349 458 1388 Dei;
473 1352 492 1382 et
506 1351 572 1382 tamen
587 1350 634 1389 quia
646 1349 763 1383 humiliavit
777 1350 869 1389 semetip-

46 1420 94 1451 sum,
105 1408 174 1444 'tactus
189 1410 282 1444 obediens
295 1419 357 1450 usque
371 1410 396 1443 ad
409 1412 499 1448 mortem,
514 1413 618 1449 propterea
632 1410 684 1443 Deus
699 1406 758 1443 illurn
772 1411 868 1444 exaltavit

46 1476 65 1506 et
75 1472 130 1506 dedit
141 1471 173 1505 illi
185 1467 264 1511 nomen,
277 1466 330 1512 quod
342 1473 373 1504 esi
385 1467 444 1510 super
457 1480 514 1504 omne
527 1480 605 1503 nornen.
618 1471 645 1504 Ut
657 1471 739 1504 interim
750 1471 802 1504 illud
813 1471 872 1504 omit-

45 1536 91 1573 tam,
106 1533 158 1572 quod
173 1532 250 1565 meritis
265 1541 346 1572 operum
361 1531 450 1565 redditur
465 1531 536 1570 gradus
553 1531 626 1571 aliquis
642 1531 716 1571 gloriae
732 1532 868 1572 sempiternae,

46 1594 70 1627 ad
82 1603 140 1633 quem
152 1603 192 1625 non
206 1593 326 1632 pertingunt,
340 1593 375 1632 qui
389 1592 431 1626 solo
444 1592 504 1625 titulo
519 1592 635 1625 hereditatis
650 1592 794 1631 gaudentawe.

116 1691 134 1728 2)
149 1690 177 1721 Ex
191 1689 255 1722 Matth
269 1689 292 1722 25
308 1689 417 1727 (possidete
431 1696 542 1728 regnum...
555 1689 628 1722 esurivi
643 1689 704 1727 enim)
719 1699 759 1722 non
773 1690 870 1728 probatur

46 1751 144 1783 meritum.
158 1750 208 1782 Nam
222 1750 291 1782 «enim
322 1746 362 1781 uon
377 1749 425 1782 dicit
438 1758 524 1788 causam,
538 1749 572 1782 sed
586 1749 651 1782 solum
666 1749 756 1782 ordinem
770 1753 789 1782 et
802 1759 869 1783 conse-

47 1811 157 1855 quentiam:
173 1810 225 1843 Deus
239 1810 304 1843 voluit
317 1810 373 1849 prius
385 1809 427 1842 lieri
440 1819 500 1849 opera
513 1810 660 1842 misericordiae
676 1809 700 1842 ab
714 1810 787 1848 electis,
801 1814 820 1843 et
834 1820 869 1849 po-

47 1871 117 1903 sterius
132 1871 156 1903 ab
171 1871 199 1903 eis
213 1877 294 1908 regnum
308 1870 394 1903 obtineri
409 1870 528 1908 (Calvinus).

92 1931 149 1971 Resp.
161 1931 232 1964 Utrum
244 1931 332 1963 «enim»
344 1931 408 1970 possit
420 1930 520 1963 interdum
530 1930 618 1963 indicare
630 1931 695 1964 solum
707 1931 803 1971 ordinem,
815 1935 869 1964 tran-

48 1993 97 2030 seat;
109 1994 161 2024 certo
172 1994 237 2030 potest
249 1992 309 2024 etiam
322 1991 431 2030 significare
443 1991 587 2024 causalitatem.
600 1991 640 2024 Hoc
652 1994 718 2024 autem
731 1992 773 2024 loco
787 1992 815 2025 sic
828 2000 869 2025 esse

48 2052 198 2092 intelligendum
211 2054 265 2092 patet
279 2052 298 2091 α)
313 2062 337 2085 ex
350 2051 438 2085 membro
451 2038 558 2092 parallelo:
572 2052 601 2084 lte
614 2052 715 2085 maledicti
729 2053 750 2084 in
763 2053 828 2091 ignem
842 2062 872 2085 ae-

47 2114 129 2152 ternum,
140 2113 213 2146 esurivi
223 2113 276 2146 enim
286 2115 305 2146 et
313 2122 353 2146 non
364 2113 445 2146 dedistis
456 2112 506 2145 mihi
516 2113 664 2146 manducare...
673 2112 734 2146 Nemo
746 2116 812 2146 autem
823 2113 870 2146 dicit

47 2173 78 2205 hic
89 2173 172 2206 indicari
184 2174 249 2206 solum
259 2174 348 2206 ordinem
358 2176 377 2206 et
386 2183 426 2206 non
437 2173 585 2211 causalitatem
598 2173 617 2211 b)
630 2183 653 2206 ex
665 2183 687 2206 eo
699 2173 752 2213 quod
764 2174 810 2207 aliis
821 2173 870 2207 locis
900 2208 903 2214 ,

48 2235 143 2267 assecutio
152 2234 226 2272 gloriae
236 2234 285 2273 ipsis
295 2234 387 2273 operibus
397 2234 494 2266 tribuitur
505 2234 539 2271 (cf.
549 2235 614 2266 textus
625 2234 646 2266 in
658 2237 773 2272 argumento
783 2235 870 2273 allatos).

117 2331 135 2369 3)
147 2331 171 2363 Ps
183 2331 222 2370 102,
234 2332 254 2363 4:
267 2331 321 2370 «Qui
335 2331 448 2368 (Dominus)
461 2333 542 2363 coronat
552 2334 571 2363 te
582 2330 603 2362 in
613 2331 750 2363 misericordia
760 2326 870 2364 0111115011-

47 2390 135 2424 tionibus
143 2401 162 2429 »ς
174 2398 219 2430 ergo
230 2400 270 2424 non
282 2393 362 2430 propter
374 2390 467 2423 meritum
478 2400 502 2424 ex
514 2390 599 2423 iustitia.

93 2451 150 2491 Resp.
161 2451 265 2484 Beatitudo
276 2451 422 2483 misericordiae
434 2450 530 2484 tribuitur
542 2460 599 2483 «non
611 2452 710 2491 quianon
724 2451 750 2485 sit
762 2462 809 2485 vera
820 2461 870 2485 mer-

50 2520 79 2544 ces
93 2512 165 2552 meriti‚
182 2513 215 2545 sed
231 2513 277 2551 quia
292 2512 362 2544 merita
380 2513 421 2550 ipsa
439 2521 461 2543 er
478 2511 614 2545 misericordia
630 2512 677 2545 data
693 2515 745 2545 sunt.
762 2512 804 2545 Non
821 2513 873 2545 enim

48 2573 112 2609 potest
128 2583 187 2612 opera
203 2573 304 2605 meritoria
321 2573 383 2604 tacere
399 2573 463 2605 homo.
480 2572 520 2605 nisi
536 2573 592 2611 prius
609 2572 734 2607 iustificatus.
751 2573 872 2607 iustihcatur

94 2696 122 2718 18⁵
135 2694 262 2732 Bellarmino,
273 2703 314 2732 cap.
326 2694 342 2725 3.

90 2756 121 2779 ¹¹⁸⁸
135 2754 261 2792 Bellarmino,
275 2763 315 2792 cap.
329 2753 345 2785 3.

94 2885 188 2918 taram.
200 2904 224 2909 —
236 2885 264 2917 De
276 2886 344 2918 Gratia
358 2886 499 2924 Raderaploria.
