1952 3093
352 639 441 710 rnns
462 640 589 717 renna

90 796 150 859 DE
178 804 371 859 ΗΟΜΙΝΕ
401 804 673 867 ΑΒΗΗΟΙΝ
707 805 854 859 STATU

264 924 699 1010 1[]8ΤΙΙἿ(ΖΑΤἸΟΝ187

111 1182 226 1228 Postquam
240 1182 312 1225 prima
324 1185 385 1224 parte
400 1192 471 1218 sermo
485 1182 526 1219 fuit
540 1182 565 1218 de
580 1182 628 1225 ipsa
641 1181 800 1232 iustificatione,
815 1181 838 1217 in
853 1192 883 1230 se-

60 1254 130 1291 cunda
146 1264 197 1290 vero
215 1254 240 1290 de
257 1253 346 1291 homine
363 1254 436 1290 aduno
455 1256 504 1290 ante
515 1237 702 1296 iustificationem‚
720 1254 743 1297 in
761 1254 802 1290 hac
820 1253 883 1301 tertia

59 1328 118 1369 parte
131 1327 234 1362 tractatus
248 1325 365 1362 dicendum
378 1328 410 1362 est
422 1325 448 1362 de
459 1325 547 1362 homine
561 1325 634 1362 adutto
646 1325 669 1361 in
683 1328 739 1362 statu
750 1324 884 1361 iustificatio-

59 1398 99 1434 nis.
113 1396 166 1435 Cum
177 1397 249 1449 prima
260 1400 283 1435 et
294 1397 391 1434 secunda
402 1407 454 1440 pars
467 1397 548 1434 maiore
563 1408 589 1434 ex
602 1400 663 1440 parte
676 1408 701 1433 ea
715 1399 814 1440 tractant,
829 1407 883 1440 quae

58 1468 80 1504 in
96 1468 192 1506 concilio
206 1469 328 1506 tridentino
342 1468 471 1505 dicebantur
485 1469 557 1512 prima
571 1459 702 1513 iustificatio,
718 1469 772 1505 haec
787 1479 839 1512 pars
856 1468 882 1505 de

59 1540 85 1576 iis
101 1540 150 1584 agit,
165 1551 220 1585 quae
238 1540 367 1577 dicebantur
384 1541 499 1578 «secunda
516 1540 667 1584 iustificam»,
685 1543 706 1577 et
722 1551 777 1584 quae
793 1541 817 1576 in
835 1550 883 1583 cap,

60 1612 117 1649 10-13
133 1612 278 1649 continentur.
294 1612 347 1649 Cum
359 1612 395 1649 his
410 1612 568 1657 coniungimus‚
583 1613 634 1656 quia
647 1612 800 1655 principaliter
814 1612 883 1649 homi-

59 1693 107 1720 nem
122 1684 145 1720 in
160 1687 216 1720 statu
230 1683 390 1721 iustificationis
405 1684 501 1727 respicit,
516 1684 664 1728 quaestionem
679 1684 705 1720 de
721 1684 794 1720 fructu
808 1683 883 1720 iustifi-

60 1755 157 1799 cationis,
168 1755 234 1792 idest
245 1756 271 1792 de
282 1756 358 1793 merito
373 1755 405 1797 (in
416 1756 510 1792 concilio
522 1767 569 1799 cap.
580 1755 620 1797 16).
630 1755 686 1792 Hinc
699 1756 752 1792 duae
763 1756 881 1792 sectiones:

60 1826 78 1868 1)
91 1826 122 1863 De
136 1827 230 1864 secunda
242 1827 404 1872 iustificatione3
418 1827 438 1868 2)
453 1827 479 1864 de
491 1828 575 1864 merito.

413 2079 508 2118 SECTIO
524 2080 539 2117 t.

279 2183 316 2228 De
334 2183 457 2228 secunda
473 2183 671 2228 iustificatione

112 2337 163 2375 Post
181 2337 357 2376 iustificationem
375 2342 486 2382 acceptam
505 2339 570 2376 homo
588 2349 632 2375 non
652 2342 683 2375 est
702 2339 758 2376 liber
778 2339 803 2376 ab
825 2339 884 2375 omni

60 2409 161 2447 ulteriore
179 2410 311 2454 obligatione
328 2420 378 2454 erga
394 2411 469 2454 Deum,
487 2421 556 2455 neque
574 2422 598 2448 eo
616 2411 664 2454 ipso
681 2411 741 2455 quou
756 2411 884 2448 iustificatus

61 2483 97 2524 est,
108 2482 152 2519 iam
164 2485 223 2520 certo
236 2482 324 2520 omnino
337 2483 426 2520 habebit
438 2483 505 2520 vitam
517 2486 633 2520 aeternam.
645 2483 703 2520 Deus
716 2484 767 2527 vuit,
780 2487 803 2520 ut
814 2483 884 2520 iustus

60 2553 125 2590 totam
138 2538 201 2591 suani
209 2555 275 2592 vitam
286 2555 316 2591 ita
329 2555 421 2599 ordinet,
431 2559 455 2593 ut
468 2555 530 2592 decet
540 2555 609 2592 filium
619 2555 659 2592 Dei
672 2555 808 2599 adoptivum3
822 2555 885 2592 debet

59 2623 132 2663 vivere
146 2627 266 2663 secundum
280 2627 413 2664 voluntatem
427 2626 497 2664 Patris
513 2627 618 2671 caelestis,
633 2627 680 2664 eius
695 2627 797 2664 mandata
810 2627 885 2664 obser-

60 2704 110 2733 vare
124 2700 144 2734 et
155 2698 187 2735 ita
200 2699 268 2742 magis
282 2699 392 2742 magisque
406 2699 429 2735 in
443 2700 512 2742 gratia
525 2710 629 2736 crescere.
642 2699 713 2736 Etiam
726 2699 812 2736 homini
824 2699 885 2736 iusti-
