1952 3093
443 56 545 111 451.-

70 202 134 236 posse
153 191 239 229 abicere
258 191 356 238 gratiam,
373 203 437 236 posse
455 191 536 236 gratiae
555 192 677 236 dissentire,
696 191 802 237 resistere,
822 203 896 230 secun-

72 268 122 305 dum
135 277 270 304 communem
282 267 371 304 modum
382 267 486 312 loquendi
499 266 616 310 significat,
626 277 690 310 posse
703 269 774 305 actum
786 266 896 306 dissensus

72 341 202 385 coniungere
215 352 264 378 eum
276 340 317 378 hac
329 342 405 386 gratia.
417 341 457 386 Qui
470 351 513 379 non
527 342 715 384 potestactualem
729 341 850 379 dissensum
862 341 896 380 co'-

71 417 175 460 niungere
186 427 236 453 cum·
243 417 318 460 gratia,
328 417 394 462 idque
404 430 430 455 ex
440 417 525 454 interna
535 420 612 454 natura
620 417 684 454 buius
696 417 783 461 gratiae,
792 418 896 461 indepen-

46 499 48 504 '
72 493 148 530 denter
165 496 185 530 et
203 493 356 530 antecedenter
372 495 400 531 ad
417 493 528 538 propriam
547 493 681 537 electionem,
697 503 741 530 non
758 494 829 536 potest
845 492 897 529 huic

72 569 152 612 gratiae
171 567 287 605 dissentire
306 569 339 605 vel
357 570 463 613 resistere,
482 568 505 605 id
524 571 555 605 est
573 578 617 605 non
636 568 701 605 habet
717 567 835 612 potentiam
856 567 897 604 dis·

73 641 191 687 sentiendi;
207 652 255 679 nam
272 643 439 687 potentiaquae
453 653 496 679 non
514 643 567 679 dicit
583 642 702 686 potentiam
718 642 746 682 ad
760 644 839 684 actum,
853 649 897 677 non

73 718 105 752 est
118 717 223 759 potentia.

125 798 204 837 Putant
216 803 288 839 tamen
298 802 414 840 Baneziani
429 803 549 839 doctrinam
562 802 587 839 de
600 801 834 845 praedeterminatione
845 801 898 845 phy-

73 872 118 909 sica
132 873 255 911 necessario
269 874 330 918 sequi
344 886 369 911 ex
384 885 483 918 supremo
497 874 594 911 dominio
606 874 653 910 Dei.
667 874 708 911 Sed
722 873 898 917 distinguendum

73 947 116 982 est:
133 945 230 989 sequitur
243 957 268 983 ex
283 946 319 984 iila
335 947 384 984 idea
400 946 491 984 dominii
504 946 551 991 Dei,
565 956 629 991 quam
644 946 687 989 ipsi
700 945 743 983 sibi
758 945 898 987 effinxerunt,

74 1019 177 1061 transeat3
193 1028 218 1055 ex
233 1017 272 1055 illo
287 1018 384 1056 dominio
400 1029 500 1063 supremo
513 1018 560 1062 Dei,
575 1018 633 1062 quod
648 1018 767 1055 secundum
782 1018 853 1055 tontes
868 1029 899 1054 re-

74 1088 188 1126 velationis
207 1100 283 1127 revera
303 1090 393 1135 exsistit,
413 1099 474 1134 nego,
494 1090 622 1134 Supremum
642 1090 700 1127 enim
721 1089 842 1127 dominium
859 1090 899 1126 Dei

74 1161 116 1199 tale
131 1164 168 1206 est,
184 1172 232 1198 cum
247 1173 289 1206 quo
304 1173 356 1200 vera
369 1162 457 1200 libertas
473 1165 583 1200 creaturae
597 1163 699 1205 componi
713 1165 790 1206 potest.
804 1161 861 1199 Hinc
876 1162 898 1199 in

74 1235 166 1270 tractatu
182 1233 213 1271 De
229 1234 274 1272 Deo
289 1244 333 1272 uno
341 1238 358 1259 ⁷⁵
376 1234 480 1272 diximus:
499 1233 643 1271 «Dominium
659 1234 700 1272 Dei
714 1235 745 1271 ita
760 1233 848 1278 concipi
865 1234 899 1271 de-

74 1305 116 1347 bet.
131 1305 162 1342 uti
177 1316 253 1344 revera
268 1308 306 1350 est,
322 1316 366 1344 non
381 1306 445 1344 sicuti
458 1306 538 1350 aliquis
553 1306 595 1344 sibi
610 1308 683 1349 posset
696 1305 818 1349 imaginari.
834 1305 899 1350 Quale

75 1381 146 1414 autem
156 1388 232 1415 revera
243 1378 278 1422 sit,
289 1378 371 1421 optime
382 1378 519 1422 cognoscitur
530 1390 556 1416 ex
568 1377 664 1415 lontibus
674 1377 820 1416 revelationis.
829 1378 854 1415 ln
865 1377 900 1415 his

75 1461 126 1487 vero
141 1460 251 1494 nunquam
268 1449 389 1487 dominium
403 1450 442 1488 Dei
458 1450 499 1487 tale
514 1452 610 1494 apparet,
626 1450 684 1494 quod
698 1450 817 1494 postularet
833 1450 900 1488 deter-

75 1522 216 1559 minationem
240 1525 351 1560 creaturae
368 1522 540 1566 permotionem
565 1522 662 1560 divinam
685 1522 800 1566 physicam
824 1516 909 1559 natura

75 1595 136 1638 prius
151 1605 215 1638 quarn
232 1596 330 1632 creatura
345 1605 367 1631 se
382 1594 519 1639 determinat3
535 1606 546 1632 e
562 1596 637 1631 contra
653 1594 774 1632 libertatem
790 1598 900 1632 creaturae

13 1677 16 1682 ·
77 1667 161 1704 docent.
173 1666 248 1704 Omnis
260 1675 310 1709 ergo
323 1667 437 1710 conceptio
448 1666 539 1703 dominii
550 1666 597 1709 Dei,
608 1677 662 1710 quae
674 1677 722 1704 cum
732 1665 831 1703 libertate
843 1677 900 1704 crea-

76 1742 136 1776 turae
152 1739 255 1782 componi
272 1748 316 1775 non
333 1741 410 1782 potest,
428 1748 517 1776 erronea
533 1742 573 1783 est;
591 1738 621 1775 ita
637 1749 722 1783 quoque
739 1748 828 1775 erronea
846 1741 901 1776 esset

75 1822 100 1848 ea
111 1811 226 1854 conceptio
238 1810 330 1848 dominii
338 1810 385 1853 Dei,
395 1821 420 1847 ex
431 1820 472 1854 qua
482 1810 551 1854 logice
562 1813 686 1854 sequeretur
695 1809 900 1854 praedeterminatio

76 1882 168 1927 physica
182 1894 208 1919 ex
221 1886 298 1920 natura
312 1893 350 1919 sua
363 1882 408 1919 sive
422 1881 448 1919 ab
462 1881 581 1920 intrinseco
596 1882 683 1926 efficax,
698 1893 746 1919 cum
759 1882 813 1919 haec
827 1891 901 1920 secun-

77 1955 127 1992 dum
147 1954 205 1992 dicta
221 1955 319 1992 illaesam
337 1964 381 1991 non
399 1953 530 1998 relinqueret
547 1954 669 1992 libertatem
686 1956 780 1992 creatam
788 1966 807 1991 >>.
823 1954 848 1991 In
866 1954 901 1991 his

76 2026 239 2071 quaestionibus
256 2027 302 2064 sola
319 2026 403 2064 ratione
418 2025 536 2070 procedere
551 2026 698 2070 periculosum
715 2029 752 2070 est,
770 2029 791 2063 et
806 2026 861 2075 ratio
878 2025 900 2063 in

77 2099 121 2136 suis
139 2098 320 2143 inquisitionibus
339 2101 359 2137 et
378 2097 559 2142 explicationibus
579 2109 664 2147 semper
680 2098 856 2149 regularidebet
874 2098 901 2135 iis

77 2182 131 2216 quae
147 2171 250 2209 revelatio
266 2170 362 2215 praebet.
377 2170 469 2207 intimus
485 2170 581 2208 deiectus
596 2170 661 2208 huius
677 2170 799 2215 systematis
816 2171 902 2208 videtur

77 2254 124 2281 esse
137 2243 280 2281 methodicus,
296 2241 440 2279 «Adversarii
455 2252 467 2278 a
480 2241 550 2285 priori
565 2241 651 2286 fingunt
666 2243 759 2287 aliquem
773 2245 901 2286 conceptum

76 2316 117 2353 Dei
133 2315 211 2352 summi
230 2314 313 2352 domini
330 2313 439 2358 primique
456 2312 526 2358 liberi,
544 2325 636 2358 quocum
653 2313 779 2352 exsistentia
795 2314 902 2352 libertatis

78 2390 162 2425 creatae
176 2390 267 2432 pugnae
283 2395 333 2429 ergo
349 2385 420 2422 simile
435 2384 511 2422 vitium
526 2385 673 2423 methodieum
689 2385 827 2424 committunt
839 2389 902 2432 atque

78 2459 267 2503 Occasionalistae‚
279 2459 317 2503 qui
332 2468 380 2495 eum
396 2459 524 2500 conceptum
536 2457 576 2495 Dei
591 2468 667 2496 causae
681 2458 765 2502 primae
779 2458 901 2501 efformem,

78 2532 113 2569 cui
129 2531 202 2569 omnis
220 2532 325 2587 repugnet
342 2529 457 2566 causalitas
476 2532 553 2574 creata,
569 2530 603 2566 vel
622 2529 686 2567 etiam
703 2530 846 2574 Pentheistae‚
865 2531 902 2576 qui
