1952 3093
435 21 557 61 -370—

130 140 150 178 Is
164 141 181 185 1,
197 140 232 178 18:
251 140 295 179 «Et
310 142 388 185 venite,
403 144 422 180 et
437 141 519 187 arguite
533 153 573 186 me,
589 141 642 180 dicit
657 142 773 181 Dominus:
790 144 809 182 si
824 144 905 184 tuerint

79 216 168 258 peecata
183 217 254 251 vestra
269 217 292 251 ut
306 214 426 257 coccinum,
441 215 502 259 quasi
518 214 556 252 nix
571 214 738 253 dealbabuntur:
756 219 777 255 et
790 217 809 254 si
824 216 906 256 fuerint

79 287 143 325 rubra
159 287 220 331 quasi
236 287 373 331 vermiculus,
389 287 447 325 velut
460 289 510 326 lana
526 288 678 336 albaerunt».
692 312 720 316 -
733 289 762 326 ΕΖ
777 289 808 334 18,
824 289 849 328 30
864 301 902 328 ss.:

80 359 185 397 «idcirco
205 370 379 404 unumquemque
400 361 460 398 iuxta
480 361 526 398 vias
546 372 594 398 suas
615 361 717 399 iudicabo
738 362 814 400 domus
833 362 905 405 Israel,

79 432 109 469 ait
121 432 227 470 Dominus
241 433 304 470 Deus,
318 432 476 470 Convertimini
489 437 510 470 et
524 433 579 477 agite
593 433 750 477 poenitentiam
764 434 790 472 ab
805 435 905 474 omnibus

80 504 231 550 iniquitatibus
246 505 333 542 vestris:
353 508 373 543 et
388 516 431 543 non
448 506 489 543 erit
504 505 566 544 vohis
581 506 705 562 inruinam
721 494 832 551 iniquitas,
847 496 906 545 Proi-

80 577 122 614 cite
134 588 146 613 a
158 577 220 615 vobis
233 588 308 615 omnes
320 578 518 621 praevaricationes
531 581 620 621 vestras,
633 579 656 615 in
670 579 748 623 quibus
761 580 906 622 praevaricati

80 650 138 692 estis,
152 652 172 686 et
186 650 251 686 facite
266 649 327 687 vobis
341 660 379 688 cor
392 661 478 693 novum,
493 654 513 688 et
525 650 626 694 spiritum
641 661 732 688 novum:
749 654 769 688 et
783 661 849 695 quare
863 662 906 689 mo-

81 721 168 758 riemini
187 721 263 758 domus
280 722 360 759 Israel‘l
378 723 432 766 Quia
450 722 500 760 nolo
517 725 608 760 mortem
626 722 745 766 morientis,
764 722 818 760 dicit
835 723 907 761 Domi-

81 803 121 831 nus
136 793 199 835 Deus
214 794 356 838 revertimini,
373 798 393 831 et
406 794 499 832 vivite».
512 817 539 822 -
553 793 581 831 ΕΖ
597 794 629 838 33,
645 794 670 831 ill
686 805 724 832 ss.:
742 794 793 832 «Tu
809 804 859 839 ergo
873 794 907 832 iili

81 865 176 903 hominis
190 865 225 902 dic
240 866 267 902 ad
282 866 370 903 domum
383 866 460 903 Israel:
478 865 512 902 Sic
526 866 593 903 locuti
608 867 665 908 estis,
681 866 788 904 dicentes:
804 865 907 911 Iniquita-

82 939 113 974 tes
129 940 222 979 nostrae,
239 940 259 974 et
275 941 365 980 peccata
380 941 454 975 nostra
471 948 589 980 supernos
606 941 662 981 sunt,
679 941 699 975 et
715 938 738 974 in
754 938 809 981 ipsis
824 948 864 976 nos
878 941 908 975 ta·

81 1009 200 1046 bescimus:
217 1009 326 1053 quomodo
339 1019 389 1053 ergo
404 1009 476 1047 vivere
490 1009 622 1053 poterimus‘l
635 1009 676 1046 Dic
690 1009 718 1047 ad
732 1020 779 1048 eos:
795 1009 849 1047 Vivo
863 1020 908 1054 ego,

83 1081 136 1119 dicit
148 1081 253 1120 Dominus
265 1082 333 1119 Deus:
347 1082 397 1120 nolo
409 1085 499 1120 mortem
510 1082 579 1126 impii,
592 1082 630 1119 sed
642 1084 665 1119 ut
678 1084 816 1120 convertatur
827 1082 908 1127 impius

82 1154 137 1192 avia
147 1166 184 1192 sua
193 1157 213 1192 et
222 1155 287 1192 vivat.
298 1153 462 1199 Convertimini,
472 1154 625 1192 convertimini
635 1167 646 1192 a
656 1154 698 1192 viis
707 1154 785 1192 vestris
794 1154 906 1199 pessimis:

82 1230 103 1264 et
115 1237 181 1273 quare
195 1227 319 1265 moriemini
334 1228 410 1279 domus
422 1227 522 1264 Israeli...
536 1226 558 1264 Si
572 1229 643 1265 autem
657 1227 733 1265 dixero
747 1227 826 1271 impio:
841 1227 909 1266 Morte

83 1299 189 1345 morieris,
202 1303 223 1337 et
235 1300 302 1343 egerit
313 1299 469 1343 poenitentiam
484 1310 495 1336 a
508 1303 598 1343 peccato
612 1311 657 1343 suo,
671 1299 789 1344 feceritque
802 1299 909 1337 iudicium

84 1377 102 1410 et
117 1372 228 1416 iustitiam,
244 1374 264 1409 et
278 1372 356 1416 pignus
372 1371 489 1410 restituerit
502 1372 538 1409 ille
553 1371 640 1416 impius,
653 1371 795 1416 rapinamque
810 1371 910 1410 reddide—

84 1445 118 1485 rit.
131 1444 154 1481 in
167 1444 276 1482 mandatis
289 1444 345 1482 vitae
359 1444 506 1487 ambulaverit,
519 1456 558 1481 nec
572 1445 649 1482 fecerit
661 1444 779 1489 quidquam
792 1443 907 1482 iniustum:

84 1517 128 1555 vita
141 1517 199 1554 vivet
212 1520 232 1554 et
245 1527 289 1554 non
303 1517 413 1554 morietur.
428 1516 504 1554 Omnia
516 1519 605 1560 peccata
617 1517 669 1561 eius,
681 1527 736 1561 quae
748 1515 854 1560 peccavit,
866 1526 921 1554 non·

84 1589 248 1633 imputabuntur
264 1589 294 1626 ei:
310 1588 417 1626 iudicium
434 1592 453 1625 et
468 1587 573 1625 iustitiam
588 1588 651 1625 fecit:
668 1588 712 1625 vita
726 1588 811 1626 vivet».
824 1610 852 1616 —
867 1586 910 1626 Cir.

84 1660 140 1699 Prov
153 1662 170 1704 1,
185 1660 209 1698 23
224 1672 260 1705 ss.;
276 1660 317 1704 Sap
332 1660 364 1704 11,
376 1660 403 1696 24,Ι
416 1671 453 1705 ss.;
467 1659 498 1703 12,
510 1660 542 1698 20.
553 1683 581 1687 -
593 1660 638 1697 Luc
651 1660 670 1703 5,
684 1659 708 1697 31
723 1671 750 1697 s.:
767 1659 834 1697 «Non
849 1663 910 1704 egent

84 1734 122 1777 qui
134 1733 181 1770 sani
193 1737 243 1771 sunt
254 1732 346 1777 medico,
359 1733 397 1769 sed
409 1732 446 1776 qui
459 1733 514 1769 male
524 1732 611 1769 habent.
623 1732 671 1769 Non
683 1732 734 1769 veni
746 1742 824 1769 vocare
836 1732 910 1775 iustos,

85 1806 124 1843 sed
134 1808 260 1849 peccatores
272 1805 300 1842 ad
310 1804 468 1847 poenitentiam
477 1816 495 1841 ».
506 1803 537 1841 Gi.
548 1805 579 1848 15,
589 1804 601 1840 4
613 1815 641 1841 ss.
650 1826 677 1831 -
687 1804 742 1841 Rom
753 1804 772 1848 2,
784 1804 795 1840 4
807 1807 846 1841 ss.:
859 1803 910 1840 «An

86 1877 173 1915 divitias
189 1877 293 1914 bonitatis
310 1877 361 1920 eius,
378 1879 399 1913 et
414 1876 538 1919 patientiae,
554 1879 574 1913 et
588 1875 760 1920 longanimitatis
776 1875 911 1914 contemnis?

86 1951 172 1994 ignoras
189 1949 292 1994 quoniam
308 1949 431 1992 benignitas
447 1948 486 1985 Dei
504 1949 531 1985 ad
547 1947 703 1990 poenitentiam
720 1950 740 1985 te
758 1947 860 1986 adducit?
877 1947 911 1985 Se-

86 2010 180 2060 cundum
196 2025 267 2060 autem
281 2022 384 2059 duritiam
399 2025 457 2058 tuam
472 2024 492 2057 et
505 2020 650 2063 impoenitens
665 2031 708 2064 cor,
723 2020 856 2058 thesaurizas
871 2019 911 2057 tibi

86 2096 140 2133 iram
153 2096 176 2132 in
190 2095 225 2132 die
236 2096 281 2132 irae
294 2097 314 2132 et
327 2093 465 2132 revelationis
478 2093 529 2130 iusti
542 2093 619 2130 iudicii
631 2093 678 2136 Dei,
690 2093 727 2138 qui
740 2092 817 2130 reddet
828 2091 911 2130 unicui-

87 2179 127 2213 que
141 2167 259 2206 secundum
274 2177 340 2211 opera
354 2166 400 2204 eius
409 2179 427 2202 ».
440 2188 467 2192 —
480 2165 492 2201 2
507 2165 557 2203 Petr
571 2165 589 2209 3,
602 2165 625 2202 9:
642 2164 708 2202 «Non
721 2164 793 2202 tardat
805 2165 912 2202 Dominus

86 2240 254 2284 promissionem
270 2251 336 2284 suam,
355 2238 411 2277 sicut
428 2237 517 2283 quidam
535 2237 668 2275 existimant:
689 2237 728 2275 sed
744 2236 912 2281 patienteragit

86 2316 176 2358 propter
196 2324 240 2356 vos,
261 2313 336 2350 nolens
357 2312 441 2355 aliquos
459 2310 537 2353 perire,
558 2309 596 2347 sed
616 2320 690 2348 omnes
710 2310 738 2347 ad
756 2309 912 2353 poenitentiam

88 2386 167 2424 reverti
175 2399 193 2422 a.
