1952 3093
410 70 531 108 -115-

59 196 109 232 dum
125 195 195 230 autem
210 202 346 229 communem
362 195 393 228 est
408 200 464 228 unus
478 189 586 234 specialis,
601 190 639 234 qui
653 189 756 226 convenit
772 190 883 225 creaturae

57 264 165 308 rationali,
180 265 203 301 in
218 275 260 308 qua
275 264 331 300 Deus
348 263 429 300 dicitur
443 273 489 299 esse
504 262 561 300 sicut
575 262 684 305 cognitum
700 261 723 297 in
738 261 882 304 cognoscente

58 342 78 376 et
90 340 184 374 amatum
195 337 218 373 in
231 338 322 373 amante.
335 335 361 372 Et
373 335 424 379 quia
437 334 588 378 cognoscendo
602 337 623 370 et
634 333 726 371 amando
740 335 839 370 creatura
851 342 883 368 ra-

57 408 145 447 tionalis
161 419 199 445 sua
215 408 341 451 operatione
358 406 444 450 attingit
461 406 488 443 ad
502 406 575 449 ipsum
591 405 665 449 Deum,
682 405 801 442 secundum
817 404 883 441 istum

58 481 174 525 specialem
190 480 278 517 modum
292 480 350 516 Deus
365 489 408 516 non
425 479 494 515 solum
511 478 592 515 dicitur
605 488 651 514 esse
666 478 690 513 in
704 480 803 514 creatura
818 476 884 513 ratio-

58 552 109 596 nali,
124 552 163 589 sed
177 552 241 589 etiam
255 551 354 601 habitare
368 551 391 586 in
405 561 429 588 ea
444 551 500 588 sicut
515 551 538 586 in
551 550 632 592 templo
648 560 692 586 suo.
707 549 742 586 Sic
757 549 823 592 igitur
837 548 884 585 nul-

58 627 91 662 lus
107 624 162 661 alius
178 623 267 661 effectus
283 626 414 666 potestesse
430 623 493 665 ratio,
508 622 566 666 quod
583 621 658 658 divina
672 631 766 665 persona
783 621 811 657 sit
826 630 883 658 novo

57 695 121 734 modo
134 696 157 747 in
169 695 270 732 rationali
284 698 388 738 creatura,
400 694 443 731 nisi
455 694 524 738 gratia
535 697 619 737 gratum
631 693 721 730 faciens.
734 692 796 731 Unde
808 702 883 729 secun-

60 769 110 805 dum
126 767 193 804 solam
208 766 299 810 gratiam
314 770 398 810 gratum
413 766 529 803 facientem
544 765 637 802 mittitur
652 768 672 802 et
687 764 788 808 procedit
803 767 884 808 tempo-

58 839 133 876 raliter
146 849 241 882 persona
256 838 338 875 divina.
353 837 528 875 Similiterillud
543 838 612 875 solum
628 836 708 874 habere
725 836 824 881 dicimur,
841 846 884 880 quo

57 911 125 948 libere
139 921 253 954 possumus
266 911 297 946 uti
311 911 345 947 vel
359 910 409 947 frui.
424 910 508 946 Habere
522 912 592 946 autem
606 911 734 961 potestatem
749 908 837 945 fruendi
852 908 883 944 di-

59 984 110 1019 vina
124 992 217 1026 persona
233 985 265 1019 est
279 982 349 1019 solum
364 981 483 1018 secundum
498 981 590 1024 gratiam
604 983 688 1024 gratum
704 981 827 1017 facientem.
842 979 884 1016 Sed

59 1058 130 1090 tamen
145 1054 168 1089 in
183 1054 232 1097 ipso
247 1053 305 1091 dono
321 1053 402 1096 gratiae
418 1056 502 1096 gratum
518 1052 619 1089 facientis
634 1052 728 1096 Spiritus
744 1055 831 1089 sanctus
846 1052 884 1088 ha-

58 1126 127 1169 betur,
141 1129 161 1162 et
176 1125 284 1162 inhabitat
296 1125 414 1162 hominem.
428 1124 492 1162 Unde
504 1125 596 1168 ipsemet
610 1123 704 1168 Spiritus
718 1127 805 1161 sanctus
821 1123 884 1160 datur

60 1201 79 1234 et
92 1197 210 1234 mittitur».

112 1280 144 1317 Ex
156 1280 191 1317 his
203 1280 276 1317 verbis
287 1292 303 1317 s.
315 1280 411 1318 Thomae
422 1280 490 1324 aliqui
502 1280 684 1317 inhabitationem
695 1280 734 1316 Dei
742 1280 846 1323 praecise
859 1291 886 1315 ex

60 1364 85 1389 eo
99 1352 207 1395 explicare
222 1353 294 1389 conati
307 1356 362 1396 sunt,
376 1352 435 1396 quod
446 1352 504 1389 Deus
518 1351 545 1389 sit
559 1352 582 1388 in
596 1352 653 1389 iusto
668 1353 724 1389 sicut
737 1352 848 1395 cognitum
862 1352 885 1387 in

60 1427 203 1467 cognoscente
218 1428 239 1461 et
253 1427 346 1461 amatum
360 1424 383 1460 in
398 1427 510 1461 1111110111.

112 1507 231 1544 Fatendum
245 1508 332 1544 uidetur
343 1507 407 1545 talem
421 1507 588 1551 explicationem
602 1509 638 1544 vix
652 1508 740 1545 fundari
753 1509 776 1544 in
790 1509 818 1545 iis
830 1519 884 1552 quae

60 1579 171 1621 Scriptura
188 1582 208 1616 et
223 1579 296 1616 Patres
315 1579 340 1616 de
357 1579 515 1616 inhabitatione
534 1579 616 1616 dicunt.
633 1579 755 1617 Secundum
773 1591 809 1617 eos
826 1581 884 1617 enim

60 1651 190 1688 inhabitatio
207 1662 232 1687 eo
246 1652 296 1693 ipso
311 1650 408 1694 habetur,
424 1651 482 1694 quod
497 1651 562 1688 homo
579 1655 723 1695 regeneratur,
740 1652 798 1696 quod
813 1652 833 1688 ei
849 1662 886 1688 na-

60 1727 107 1758 tura
123 1721 198 1759 divina
212 1722 391 1765 communicatur,
406 1723 464 1767 quod
479 1722 632 1767 sanctificatur,
647 1726 797 1760 consecratur:
815 1723 839 1760 id
854 1727 886 1761 est

60 1794 109 1836 ipsa
124 1793 234 1831 infusione
249 1794 330 1838 gratiae
347 1781 509 1831 sanctificantis.
524 1794 599 1839 Neque
613 1797 710 1838 apparet,
725 1795 834 1839 quomodo
851 1806 886 1832 co-

61 1865 143 1908 gnitum
157 1869 180 1901 ut
193 1866 235 1902 tale
249 1866 272 1901 in
286 1869 436 1909 cognoscente,
449 1869 545 1903 amatum
558 1870 582 1903 ut
596 1867 638 1904 tale
651 1867 674 1903 in
688 1869 775 1904 amante
788 1867 886 1904 substan-

60 1937 141 1973 tialiter
153 1947 256 1979 praesens
269 1937 297 1974 sit
304 1941 338 1973 111.
349 1937 463 1974 Praeterea
474 1937 531 1975 Deus
543 1938 628 1975 habitat
640 1939 704 1974 etiam
716 1939 739 1974 in
751 1939 779 1974 iis
792 1939 829 1983 qui
841 1950 886 1975 non

61 2019 109 2045 eum
126 2012 258 2058 cognoscunt
276 2009 380 2050 (infantes
395 2009 514 2053 baptizati),
530 2020 598 2054 neque
615 2010 731 2053 provocari
746 2021 810 2054 posse
827 2011 886 2048 vide—

60 2083 94 2116 tur
110 2080 137 2117 ad
152 2080 283 2117 habitualem
300 2081 446 2124 cognitionem
462 2083 483 2118 et
496 2092 591 2118 amorem
606 2092 647 2124 per
660 2082 748 2119 habitus
763 2083 848 2119 infusos
862 2082 885 2118 fi-

61 2151 96 2188 dei
110 2155 130 2188 et
143 2152 249 2197 caritatis3
263 2162 313 2188 nam
326 2152 362 2189 his
373 2152 484 2189 habitibus
497 2163 542 2190 non
555 2152 646 2190 habetur
659 2153 777 2191 habitualis
790 2155 885 2198 cognitio

61 2226 81 2259 et
93 2233 159 2267 amor,
172 2224 228 2260 sicut
240 2224 263 2260 in
275 2224 351 2261 habitu
365 2224 480 2268 acquisito;
494 2225 532 2262 sed
544 2224 630 2262 habitus
643 2225 712 2262 infusi
726 2226 841 2263 conferunt
853 2227 885 2269 ip-

61 2305 107 2331 sum
123 2305 193 2338 posse.
208 2294 239 2332 Eo
255 2298 325 2332 autem
340 2296 399 2339 quod
414 2296 479 2332 alicui
496 2296 586 2333 facultas
603 2298 750 2340 cognoscendi
766 2298 885 2335 communi-

60 2369 127 2409 catur,
141 2368 237 2403 nondum
252 2366 360 2404 obiectum
374 2367 438 2404 huius
452 2368 584 2410 cognitionis
598 2368 618 2404 ei
630 2379 734 2412 praesens
749 2369 794 2406 dici
807 2373 885 2412 potest.

110 2605 136 2625 111
147 2600 232 2639 Gardeil,
240 2602 266 2632 La
276 2603 373 2633 structure
384 2601 406 2633 dc
416 2601 474 2633 l’ame
484 2603 503 2633 et
513 2600 640 2639 l'expdrience
648 2602 754 2640 mystique,
765 2602 826 2640 Paris,
837 2602 889 2641 1927,

62 2663 109 2693 tom.
123 2661 139 2699 2,
154 2661 206 2698 6-87;
220 2661 244 2693 cf.
259 2661 328 2700 Lange,
342 2662 369 2693 Dc
382 2662 451 2700 gratia,
465 2671 494 2693 nr.
509 2661 543 2694 453
556 2661 575 2693 b.

110 2726 137 2746 1¹2
151 2721 227 2759 Suatrez,
240 2722 267 2753 De
278 2722 381 2760 Trinitate‚
394 2722 407 2754 l.
421 2722 449 2760 12,
462 2732 503 2760 cap.
517 2722 533 2761 5,
546 2731 575 2753 nr.
587 2721 615 2754 10.
