1952 3093
455 69 563 106 ,70-

101 188 164 225 nibus
181 192 230 225 ante
247 189 344 233 gratiam,
363 189 505 227 delectatione
523 191 616 234 quadam
633 189 751 227 libidinosa
767 192 885 234 praeeunte
903 202 927 228 ac

101 261 202 298 titillante
217 264 353 305 provocetur,
370 262 404 299 cui
420 262 576 300 consentiendo
592 266 677 307 peccat3
692 266 757 306 prout
771 262 813 300 hoc
828 262 928 306 plurimis

101 333 213 377 Augustini
227 334 364 378 testimoniis,
379 338 481 379 tanquam
496 347 540 373 rem
554 348 579 373 ex
594 336 642 380 ipso
658 338 744 380 certam,
760 339 779 372 et
794 335 928 379 experientia

101 406 232 450 suffragante
245 418 283 444 suo
294 407 342 444 loco
356 408 558 447 demonstravimus.
569 408 606 445 Est
618 408 676 446 enim
689 408 747 446 istud
759 407 877 445 libidinum
890 408 928 445 im·

101 479 192 523 perium,
204 490 248 517 non
260 480 364 517 naturalis
377 481 472 518 hominis
485 482 617 525 constitutio,
629 481 666 526 qui
678 484 740 518 antea
753 481 817 524 plena
829 480 928 518 libertate

102 554 122 589 et
137 562 190 596 pace
207 563 279 589 secum
295 563 334 590 sua
349 553 467 597 fruebatur,
482 554 519 591 sed
536 564 605 597 poena
623 553 718 591 damnati
727 565 737 588 »
747 556 770 589 2⁹.

155 625 201 662 Lib.
215 624 232 669 d,
245 636 291 669 cap.
305 625 327 662 a:
341 626 425 669 Duplex
440 626 556 664 necessitas
570 626 694 670 Augustino,
709 625 835 669 coactionis,
847 628 867 663 et
880 626 929 663 sirn-

102 699 151 741 plea
166 709 202 735 seu
218 698 346 735 volontaria.
359 698 405 742 llla,
421 710 463 736 non
480 700 533 736 haec
549 702 654 742 repugnat
669 697 770 736 libertati.
785 697 831 735 Lib.
848 698 866 740 7,
882 708 929 741 cap.

102 770 125 807 2:
143 769 180 808 Est
198 770 281 815 aliquid
299 774 385 814 praeter
403 772 482 809 nudam
502 771 624 809 facultatem
642 760 765 813 voluntatis,
782 770 840 815 quod
858 772 929 807 actum

104 843 167 880 etiam
183 843 300 881 voluntatis
316 843 379 887 ponit
393 845 415 880 in
433 844 516 881 arbitrii
532 846 637 887 potestate
653 848 673 881 et
689 843 743 880 illud
761 842 812 879 lacit
827 842 888 879 velle.
904 841 930 878 Et

103 915 156 953 haec
170 918 201 953 est
213 916 261 959 ipsa
275 916 389 953 delectatio
404 918 459 960 (cap.
473 916 500 958 3),
513 915 585 954 «Cum
598 915 664 960 igitur
676 926 725 952 vera
738 925 809 960 causa,
823 925 862 952 cur
875 913 930 952 arhi-

105 988 167 1025 trium
185 988 211 1025 ad
229 988 374 1031 appetendum
390 989 472 1033 aliquid
488 991 605 1031 moveatur,
621 988 648 1024 sit
666 986 779 1025 delectatio
795 998 837 1031 qua
853 986 930 1023 intrin-

104 1071 165 1098 secus
175 1060 198 1097 in
211 1060 259 1104 ipsa
269 1061 379 1098 voluntate
392 1061 503 1105 mulcetur,
516 1060 568 1098 hinc
582 1063 612 1097 est
625 1060 682 1104 quod
695 1061 851 1104 consequenter
862 1057 930 1103 Augu-

104 1133 173 1171 stinus
189 1133 256 1171 tradit
270 1135 313 1170 tam
329 1132 352 1170 in
367 1133 496 1177 appetendo,
512 1143 576 1177 quam
592 1133 614 1168 in
632 1131 773 1169 ommittendo
789 1133 879 1175 peccato
895 1141 931 1168 vo-

103 1208 207 1243 luntatem
222 1205 365 1243 delectatione
379 1205 469 1242 liberam
483 1205 536 1242 lieri.
550 1204 602 1242 Cum
617 1205 674 1242 enim
688 1204 730 1241 hoc
744 1203 771 1240 sit
784 1202 877 1240 liberum
891 1202 931 1240 Au-

104 1278 196 1322 gustino,
212 1277 270 1322 qnod
286 1280 318 1315 est
334 1278 356 1314 in
372 1280 477 1321 potestate
494 1288 530 1314 seu
545 1277 602 1321 quod
617 1276 640 1313 fit
657 1287 705 1313 cnm
721 1276 826 1319 volumus,
843 1286 931 1313 necesse

105 1355 136 1388 est
147 1350 201 1387 illud
211 1350 282 1394 ipsum
294 1350 353 1395 quod
363 1349 453 1387 arbitrio
466 1349 553 1387 volendi
565 1349 696 1393 nolendique
707 1358 771 1385 causa
782 1335 854 1392 fuerit,
866 1348 931 1385 etiam

105 1433 191 1460 causam
204 1433 249 1460 esse
260 1422 386 1459 libertatis»
396 1425 420 1458 ³⁰.
434 1421 478 1460 «Et
490 1422 541 1459 inde
554 1421 656 1464 nascitur,
669 1421 727 1465 quod
740 1420 796 1457 sicut
809 1420 931 1457 delectatio·

106 1496 127 1531 ni
144 1495 263 1539 opponitur
277 1494 372 1538 tristitia,
389 1497 409 1532 et
424 1493 594 1537 complacentiae
612 1493 756 1537 displicentia,
773 1493 803 1530 ita
819 1492 884 1530 etiam
901 1503 931 1529 se-

106 1568 200 1605 cundum
214 1567 329 1611 Augustini
344 1569 444 1610 mentem,
461 1566 553 1604 liberum
570 1568 651 1604 coacto.
666 1565 720 1602 Nam
737 1565 764 1602 ad
779 1564 837 1609 quod
854 1563 931 1609 aliquis

106 1643 179 1678 coacte
198 1640 296 1683 trahitur,
314 1639 357 1677 hoc
374 1639 397 1676 fit
415 1650 464 1676 cunr
482 1638 627 1682 displicentia,
646 1642 665 1675 et
681 1637 729 1675 rice
747 1648 815 1681 versa,
834 1636 892 1681 quod
909 1635 932 1672 fit

106 1724 154 1750 cum
173 1712 318 1757 displicentia,
336 1723 360 1749 eo
377 1715 450 1748 coacte
467 1711 531 1755 trahi,
547 1721 590 1748 non
606 1710 674 1748 libere
691 1710 723 1747 ire
740 1708 829 1754 dicitur3
848 1711 868 1746 et
883 1708 931 1753 pari

106 1795 177 1829 passu,
189 1796 231 1829 quo
244 1785 313 1821 maior
324 1786 355 1822 est
367 1783 512 1828 displicentia,
524 1794 549 1820 eo
562 1783 628 1826 magis
642 1784 739 1819 eoactum
751 1784 788 1824 est,
800 1792 842 1826 quo
854 1780 932 1823 minor,

107 1869 131 1895 eo
145 1858 269 1895 minussffl.

160 1930 206 1967 Lib.
221 1930 239 1974 8,
256 1941 302 1974 cap.
316 1930 338 1967 3:
358 1930 435 1973 «Quae
450 1930 548 1974 quamvis
564 1931 593 1966 ita
608 1942 629 1967 se
644 1931 768 1974 habeantn,
785 1935 885 1976 tantaque
901 1933 933 1968 in-

107 2006 139 2040 ter
157 2003 271 2046 physicam
290 2002 553 2046 praedeterminationem,
572 2006 635 2046 prout
655 2015 665 2040 a
685 2003 932 2058 Scholasticisdeiendi

108 2075 166 2119 solet,
181 2079 201 2113 et
213 2076 344 2113 medicinale
359 2075 439 2113 Christi
453 2075 583 2112 adiutorium
600 2075 746 2119 discrepantia
761 2077 794 2120 sit,
810 2077 832 2112 in
847 2077 889 2114 hcc
904 2079 933 2113 ta-

108 2159 163 2192 men,
177 2149 208 2185 nti
222 2148 323 2192 diximus,
337 2159 385 2185 curn
400 2159 424 2184 ea
439 2148 546 2190 convenit,
561 2148 619 2191 quod
632 2148 725 2185 officium
740 2148 831 2192 physice
845 2149 933 2192 praede-

109 2220 240 2258 terminandi
256 2221 387 2258 voluntatem
402 2221 422 2256 ei
438 2231 488 2256 rere
504 2223 616 2264 competat,
633 2232 700 2265 eoque
716 2221 821 2258 vocabulo
838 2232 881 2258 non
899 2221 933 2258 ab·

109 2296 186 2331 straete
203 2294 240 2330 sed
256 2296 356 2330 concrete
372 2296 457 2335 sumpto
472 2292 548 2329 merito
565 2293 654 2335 apellari
668 2293 743 2336 possit.
758 2293 812 2330 Nam
827 2294 869 2331 hoc
885 2293 933 2337 ipso

156 2503 173 2525 ²⁹
187 2498 227 2533 Col,
242 2499 282 2532 430.

156 2564 173 2584 ³⁰
187 2559 227 2592 Col.
244 2559 283 2592 739.
322 2561 325 2568 ¹

157 2625 173 2646 ³1
188 2620 228 2653 Col.
246 2620 278 2652 742
296 2631 310 2652 s.

157 2685 174 2706 ³²
188 2680 233 2720 Cap.
248 2682 256 2713 1
272 2683 290 2713 ct
305 2681 315 2713 2
331 2681 459 2719 descripserat
475 2680 589 2712 discrimina
603 2680 654 2712 inter
670 2680 791 2712 adiutorium
806 2677 840 2712 Dei
856 2680 935 2712 medici-

109 2742 154 2775 nale
167 2744 185 2774 et
197 2741 410 2780 praederminationem
424 2740 526 2779 physicam
541 2744 597 2778 prout
612 2752 622 2773 a
637 2741 773 2773 defensoribus
788 2741 830 2773 cius
845 2741 935 2774 traditur.
