1952 3093
443 41 582 92 -148-'

90 178 205 222 physicam
220 178 392 221 dispositionem,
407 177 465 215 idem
481 178 598 215 dicendum
613 180 668 215 esset
683 177 708 214 de
722 178 760 215 illo
774 177 850 214 habitu
864 178 918 222 phy-

91 251 135 288 sice
147 251 276 294 disponente
288 254 308 287 et
319 250 349 287 ita
360 251 515 294 procederetur
526 251 548 286 in
562 249 677 288 infinitum.
690 249 712 286 Si
725 253 795 287 autem
807 250 918 294 quaeritur

92 323 118 360 de
132 323 186 366 ipsis
199 322 285 360 actibus
301 322 474 366 disponentibus,
488 326 560 360 utrum
576 324 619 359 sint
634 322 749 366 dispositio
763 322 861 366 physica,
876 322 918 360 hoc

91 395 213 438 negandum
231 395 318 431 videtur
336 395 362 432 de
379 398 459 432 remote
478 394 651 438 disponentibus,
670 395 720 439 quia
738 404 782 432 non
801 394 844 431 iam
862 399 918 439 sunt,

92 478 140 504 cum
155 467 225 504 torma
239 467 358 504 iustificans
373 468 503 504 infunditur.
517 467 645 504 Remaneret
658 476 708 510 ergo
723 468 768 504 sola
781 467 878 510 quaestio
893 468 918 504 de
930 465 932 469 ’

92 540 130 577 illo
149 542 197 576 actu
214 540 290 576 ultimo
310 539 445 584 disponente,
464 541 501 584 qui
521 539 548 576 sit
567 540 707 576 simultaneus
727 550 775 576 cum
794 539 918 582 receptione

93 612 184 661 tormae;
199 624 230 648 ex.
243 621 274 655 gr.
288 612 310 648 in
324 612 477 649 iustificatione
490 623 528 655 per
541 614 611 648 actum
625 611 763 649 contritionis
777 612 810 648 vel
823 612 919 648 caritatis

94 684 203 727 perfectae
216 686 276 721 extra
291 687 456 721 sacramentum.
471 685 495 720 ln
510 684 548 720 tali
563 695 613 720 casu
627 685 682 721 ratio
699 684 724 720 de
740 684 823 721 actibus
839 688 919 721 remote

95 756 260 799 disponentibus
275 767 319 794 non
333 757 424 801 quidem'
435 757 524 800 valeret;
539 757 577 794 sed
590 766 659 800 neque
674 756 761 793 allatum
774 756 860 793 videtur
874 767 920 793 esse

93 829 204 872 hucusque
218 832 372 873 argumentum,
385 840 426 873 quo
440 829 531 872 physica
547 828 661 872 dispositio
676 839 725 865 vere
739 828 848 872 probetur.
863 827 920 866 Cete-

94 912 148 944 rum,
162 902 293 944 cumgratia
307 902 425 938 secundum
439 901 608 944 probabiliorem
624 901 752 938 senteutiam
765 902 787 937 in
801 901 921 938 substantia

95 974 179 1010 animae
195 973 333 1016 subiectetur,
347 974 466 1010 indicanda
482 977 537 1010 esset
550 974 642 1017 physica
659 974 773 1016 dispositio
789 974 920 1011 substantiae

95 1046 189 1089 animae3
204 1049 263 1082 actus
277 1057 334 1090 vero,
348 1047 366 1082 si
379 1046 470 1089 physice
485 1045 631 1088 disponerent,
647 1047 787 1089 disponerent
802 1046 920 1082 facultates

96 1118 152 1154 Hinc
169 1118 258 1155 omnino
274 1118 418 1161 praeferenda
433 1117 519 1155 videtur
536 1118 642 1155 sententia
657 1128 711 1161 quae
728 1118 781 1154 dicit
799 1121 858 1154 actus
876 1129 921 1155 esse

97 1190 262 1232 dispositionem
275 1191 385 1233 moralem,
398 1200 441 1226 non
456 1201 506 1226 vero
519 1190 632 1233 physicam
641 1193 664 1228 ²³.

231 1446 289 1480 Utrum
302 1449 351 1480 actus
365 1447 475 1488 disponentes
488 1448 509 1480 tle
521 1456 595 1488 congruo
609 1448 679 1488 gruttam
692 1450 788 1480 mereantur

150 1580 218 1624 Supra
226 1584 243 1605 ²⁹
261 1581 357 1617 indicata
375 1584 406 1618 est
423 1581 547 1618 differentia
564 1582 621 1617 inter
638 1581 804 1625 dispositionem
822 1584 842 1618 et
859 1581 920 1617 meri-

96 1656 147 1695 tum,
162 1653 235 1697 ibique
251 1653 332 1689 dictum
346 1657 383 1695 est,
397 1656 474 1695 actum,
488 1654 525 1697 qui
539 1657 569 1689 est
585 1653 705 1696 dispositio,
720 1664 784 1696 posse
798 1654 862 1690 simul
876 1664 921 1689 esse

96 1725 203 1762 meritum.
221 1724 274 1762 Cum
290 1728 361 1761 autem
378 1725 449 1768 prima
465 1728 526 1768 parte
544 1725 607 1761 huius
625 1726 691 1762 thesis
709 1726 810 1762 meritum
829 1726 854 1762 de
872 1736 922 1762 con-

97 1797 162 1840 digno
176 1797 219 1834 iam
234 1798 345 1834 exclusum
359 1797 393 1840 sit,
407 1798 504 1840 quaestio
519 1797 588 1833 solum
602 1802 633 1833 est
647 1798 673 1834 de
688 1798 765 1834 merito
780 1798 806 1834 de
819 1807 921 1841 congruo.

96 1869 153 1906 Haec
165 1880 249 1913 quoque
260 1873 291 1905 est
301 1869 398 1913 quaestio
410 1869 433 1904 in
445 1880 486 1912 qua
498 1879 545 1917 non
553 1879 627 1905 omnes
638 1870 733 1913 theologi
744 1870 802 1907 idem
815 1870 890 1906 dicunt
898 1873 922 1905 ⁰⁰.

96 1941 111 1976 B
120 1941 179 1977 illu
187 1952 198 1977 a
207 1944 233 1977 rt
243 1945 260 1965 ³1
280 1941 305 1977 de
316 1941 356 1977 hac
369 1952 391 1977 re
403 1941 442 1977 ait:
458 1941 530 1977 «Ante
543 1941 622 1988 omnia,
634 1945 657 1977 ut
666 1942 753 1978 tollatur
766 1942 921 1985 aequivocatio,

97 2017 117 2050 et
130 2013 236 2057 quaedam
249 2014 364 2056 opiniones
379 2013 500 2050 contrariae
515 2013 573 2050 circa
587 2014 687 2050 meritum
702 2013 727 2050 (le
742 2023 836 2057 congruo
851 2014 923 2050 conci-

119 2276 121 2278 ι
149 2240 166 2262 28
180 2239 201 2269 ln
214 2238 308 2270 solvenda
319 2239 435 2276 quaestione
447 2240 513 2270 utrum
526 2237 622 2270 habeatur
634 2238 716 2277 physica
730 2238 834 2277 dispositio
847 2238 871 2271 ad
884 2245 926 2276 gra-

102 2300 150 2331 tiam
164 2298 325 2337 sanctificantem‚
340 2298 481 2330 attendendum
495 2301 524 2330 cst
538 2299 561 2330 ad
575 2308 603 2336 ea,
618 2308 667 2337 quac
682 2299 726 2337 quis
740 2302 805 2331 censet
819 2299 841 2331 de
855 2299 925 2331 effectu

101 2359 216 2392 immediato
235 2361 409 2391 sacramentorum,
427 2359 464 2397 Qui
483 2358 566 2391 affirmat
583 2358 641 2391 illurn
658 2360 749 2392 ellectum
768 2369 809 2392 csse
827 2362 926 2397 ornatum,

101 2421 239 2458 characterem,
254 2429 337 2459 eumque
353 2429 394 2452 esse
409 2419 511 2457 physicam
527 2419 678 2458 dispositionem
692 2420 721 2451 ad·
730 2420 820 2458 gratiam,
835 2429 878 2453 eam
893 2429 926 2451 ne-

101 2488 146 2518 gare
157 2489 197 2512 non
210 2480 267 2512 debet
280 2480 300 2511 in
313 2482 400 2512 tractatu
413 2480 436 2511 de
448 2480 520 2517 gratiae
535 2480 568 2512 sed
582 2480 610 2512 ita
623 2481 711 2512 nondum
725 2481 834 2519 quidquam
849 2480 925 2518 dicitur,

102 2543 169 2572 utrum
181 2542 235 2573 actus
248 2540 374 2579 disponentes
386 2541 427 2572 sint
439 2540 543 2579 dispositio
556 2540 644 2579 physica.

149 2604 166 2625 ⁴2²³
180 2602 224 2639 Pag,
238 2601 277 2633 138.

150 2665 167 2687 ³⁰
182 2662 258 2699 Suam,
271 2662 298 2693 De
311 2662 374 2699 gratia
386 2662 420 2693 lib,
433 2662 443 2693 8
456 2671 496 2700 cap.
509 2661 524 2693 9.

150 2725 167 2746 ³1
181 2722 208 2753 De
220 2722 289 2759 gratia,
304 2722 350 2753 diss.
364 2722 374 2753 8
388 2723 423 2754 art.
439 2722 454 2753 5.
