1952 3093
443 53 565 90 -181—

88 177 128 215 Dei
138 175 264 219 bonitatem,
276 179 299 212 ut
310 175 362 212 huic
375 174 508 218 indigentiae
522 174 637 211 subvenire
649 174 708 211 velit.
719 173 768 211 Alia
780 183 830 217 ergo
844 176 876 210 est
887 173 917 210 ei-

88 247 164 286 ficacia
180 247 285 285 orationis
301 247 328 284 ab
344 246 439 297 efficacia
455 247 539 283 meriti:
557 247 658 283 meritum
675 250 707 283 est
721 246 849 290 obsequium
867 254 916 288 erga

17 337 19 351 τ
89 321 186 363 alterum,
198 322 219 357 et
229 323 254 356 ut
264 320 306 357 tale
318 322 424 362 provocat
434 319 462 355 ad
474 318 520 356 eius
531 318 636 355 iustitiam
648 319 682 355 vel
694 318 832 363 aequitatem;
846 317 916 354 oratio

14 440 17 443 1
89 403 139 429 vero
150 392 263 435 propriam
274 392 425 428 necessitatem
437 391 572 431 ostendendo
582 393 687 444 prouocat
697 391 725 427 ad
735 390 916 427 misericordiam.

89 464 146 501 Hinc
157 474 197 507 per
207 475 229 500 se
241 473 285 501 non
297 467 353 500 esset
364 466 440 501 contra
451 462 588 511 gratuitatem
599 463 687 506 gratiae,
700 463 718 499 si
729 463 786 500 Deus
797 463 862 499 vellet
872 473 916 498 mo-

46 542 48 544 ’
90 535 135 573 veri
146 535 175 572 ad
190 535 284 572 dandam
296 535 388 579 gratiam
401 536 427 578 ei,
441 535 479 579 qui
492 546 539 571 eam
553 537 642 577 peteret.
655 534 717 578 Quod
729 538 801 571 tamen
814 534 916 577 precibus

90 607 224 645 naturalibus
240 608 309 651 gratia
324 618 367 644 non
383 608 452 650 possit
467 607 587 650 impetrari,
601 610 671 650 patet:

168 679 189 722 u)
204 679 263 716 Talis
278 680 348 717 oratio
364 679 469 722 supponit
484 679 617 716 desiderium
633 679 723 723 gratiae
741 680 799 722 atqui
815 678 857 715 hoc
873 688 917 714 non

91 755 161 796 potest
177 762 223 788 esse
239 751 285 788 sine
301 751 376 794 gratia.
914 796 915 800 Ἰ

171 822 192 864 b)
209 823 248 860 llla
265 823 334 860 oratio
351 823 445 866 positive
460 823 541 859 valeret
558 823 585 859 ad
603 823 699 866 salutem,
717 826 772 859 esset
790 832 840 865 ergo
857 825 919 872 actus

91 895 200 939 salutarim
215 895 274 939 atqui
287 895 315 932 ad
329 898 400 931 actum
413 896 528 939 salutarem
543 895 661 938 requiritur
674 896 752 938 gratia3
768 904 825 937 ergo.

169 967 189 1009 c)
204 966 226 1003 Si
238 967 343 1004 naturalis
357 967 434 1010 petitio
448 967 529 1010 gratiae
544 970 599 1003 esset
613 966 694 1009 efficax,
706 966 772 1003 homo
786 966 880 1009 positive
895 977 917 1002 se

92 1040 217 1082 disponeret
230 1039 257 1075 ad
269 1038 370 1083 gratiam
383 1048 434 1075 nam
447 1039 544 1076 oratione
558 1038 641 1075 efficaci
654 1038 766 1081 nosipsos
781 1038 917 1081 disponimus

91 1111 118 1147 ad
134 1110 190 1147 dona
205 1121 216 1146 a
231 1110 276 1147 Deo
289 1111 423 1154 recipienda.
477 1148 479 1150 ,

144 1181 200 1225 Ergo
211 1181 267 1218 nihil
280 1186 311 1222 est
324 1183 347 1218 in
359 1182 447 1219 homine
461 1183 503 1219 nisi
515 1182 612 1225 potentia
625 1193 683 1219 mere
696 1182 782 1225 passiva
795 1181 917 1224 recipiendi

91 1254 184 1297 primam
202 1254 293 1297 gratiam
312 1254 416 1290 actualem
435 1254 560 1290 elevantem.
588 1299 590 1301 ‚

445 1536 540 1575 SECTIO
550 1537 578 1573 -ΙΙ,

173 1657 244 1710 Quid
255 1641 394 1715 ¹peccator
410 1660 520 1704 adultus
537 1660 596 1703 sine
612 1642 716 1704 auxilio
732 1659 840 1716 gratiae

344 1731 434 1787 possit
454 1733 480 1776 et
499 1744 553 1776 non
572 1731 670 1788 possit.

143 1897 174 1934 Ex
191 1898 335 1941 praecedente
353 1898 448 1935 sectione
466 1901 550 1935 constat
565 1902 702 1941 peccatorem
720 1898 817 1935 adultum
834 1898 918 1935 actibus

92 1969 203 2006 entitative
221 1970 428 2014 supernaturalibus,
445 1981 494 2007 cum
511 1970 592 2007 auxilio
608 1971 689 2013 gratiae
705 1970 783 2013 positis
800 1970 828 2007 ad
844 1969 918 2007 iustifi-

93 2040 200 2078 cationem
216 2052 238 2078 se
253 2052 317 2085 posse
334 2045 354 2079 et
370 2041 448 2079 debere
464 2042 587 2087 disponere.
602 2042 664 2079 Nunc
680 2042 798 2095 quaeritur,
813 2042 918 2086 quidnam

93 2112 138 2149 sine
152 2113 233 2150 auxilio
246 2113 327 2157 gratiae
339 2114 410 2157 possit
420 2114 454 2151 vel
467 2124 512 2151 non
523 2115 602 2159 possit;
616 2115 664 2151 aliis
678 2114 761 2151 verbis:
778 2115 805 2151 ad
817 2115 871 2158 quid
883 2124 919 2150 va-

92 2184 149 2221 leant
160 2185 218 2222 vires
230 2185 352 2229 peccatoris
365 2186 388 2221 in
402 2188 559 2230 statu-naturae
569 2187 650 2229 lapsae.
663 2186 764 2229 Quaestio
777 2186 860 2223 moveri
873 2189 919 2229 pot-

93 2259 123 2292 est
134 2260 155 2293 et
166 2256 192 2293 de
202 2257 285 2293 viribus
297 2257 419 2294 intellectus
431 2261 452 2295 et
462 2258 488 2294 de
498 2258 582 2295 viribus
593 2258 717 2308 voluntatis.
728 2258 753 2294 In
763 2262 856 2306 tractatu
869 2258 918 2305 «De

92 2327 136 2364 Deo
149 2338 212 2365 uno»
227 2332 298 2365 autem
312 2329 359 2366 tuse
373 2330 417 2365 iam
428 2329 544 2372 probatum
559 2333 596 2375 est,
610 2330 721 2367 hominem
734 2330 818 2367 viribus
833 2333 918 2367 natura-

92 2397 149 2436 libus
163 2411 227 2443 posse
241 2400 316 2443 Deum,
329 2401 464 2444 principium
479 2405 499 2438 et
513 2401 585 2445 finem,
599 2413 611 2438 a
625 2413 667 2445 quo
682 2402 763 2445 pendet
778 2406 799 2439 et
812 2402 840 2439 ad
855 2413 919 2446 quem

92 2471 188 2515 tendere,
204 2483 267 2516 quem
284 2473 355 2510 colere
373 2472 442 2516 dehet,
459 2483 599 2517 cognoscere3
616 2474 722 2511 hocloco
739 2484 789 2517 ergo
807 2474 876 2511 solum
892 2474 918 2511 de

93 2542 175 2580 viribus
188 2544 306 2580 voluntatis
319 2545 425 2587 agendum
439 2549 476 2588 est,
488 2546 553 2589 idque
566 2556 609 2582 non
622 2546 644 2581 in
659 2546 736 2582 ordine
749 2557 806 2582 mere
820 2547 918 2589 physico,

94 2614 165 2650 sedin
179 2615 256 2652 ordine
270 2611 353 2653 morali.
366 2616 505 2653 Considerari
519 2620 590 2660 potest
602 2621 704 2660 peccator
713 2618 753 2661 qui
767 2618 838 2654 adhuc
852 2621 883 2654 est
895 2619 919 2654 in

95 2688 149 2722 statu
162 2676 329 2725 infidelitatiset
342 2689 378 2732 qui
391 2689 435 2725 iam
448 2687 479 2726 est
489 2680 569 2733 fidelis}
584 2700 654 2726 sermo
667 2693 698 2726 est
711 2690 737 2726 de
750 2690 847 2734 utroque.
