1952 3093
475 16 582 53 ,48-

118 135 175 168 otum
191 132 229 173 est)
245 135 294 169 suut
308 132 369 170 eain
385 133 422 170 iila
437 133 548 176 superiore
564 133 722 177 significatione
739 135 874 179 accipienda.
890 135 944 174 Nam

118 205 171 242 alias
190 216 226 242 eae
244 216 308 242 voces
327 206 353 243 de
371 206 467 243 hominis
486 208 627 244 renovatione
645 207 800 251 intelligendae
818 211 873 252 sunt,
891 220 945 253 quae

118 289 129 314 a
144 278 195 315 fidei
210 278 362 316 iustificatione
378 283 436 316 recte
453 280 590 316 discernitur.
607 279 726 324 Credimus
742 281 843 318 docemus
859 285 880 318 et
895 293 945 319 con-

117 350 202 387 fitemur
216 351 287 395 etiam,
302 352 342 388 etsi
355 363 405 389 vere
419 353 442 388 in
457 351 566 389 Christum
580 353 693 390 credentes
707 357 727 390 et
742 354 812 391 renati
825 354 898 391 multis
913 355 945 391 in-

118 424 255 461 firmitatibus
268 428 288 461 et
300 425 374 462 naevis
388 436 454 469 usque
467 426 494 462 ad
506 429 596 463 mortem
610 429 659 463 sunt
671 426 768 472 obnoxii,
781 429 908 464 nontamen
921 428 945 472 ii-

117 497 145 533 lis
160 498 194 534 vei
210 497 235 534 de
251 497 340 542 iustitia,
356 509 410 542 quae
426 509 465 542 per
478 498 543 535 fidem
558 498 613 543 ipsis
627 499 752 543 imputatur,
767 501 801 537 vel
816 501 842 537 de
858 503 945 537 aeterna

118 571 185 607 salute
199 581 244 607 esse
260 571 409 614 dubitandum,
424 572 477 615 quin
491 572 564 615 potius
576 571 667 609 firmiter
681 572 725 609 iilis
740 573 877 623 statuendum
893 584 945 616 esse,

118 643 176 686 quod
192 646 282 687 propter
299 643 409 681 Christum
427 645 486 681 iuxta
503 644 672 687 promissionem
690 648 710 682 et
727 645 840 682 immotum
856 645 946 682 verbum

119 716 225 759 evangelii
239 716 307 753 Deum
322 716 364 755 sibi
380 717 489 760 placatum
503 717 597 753 habeant
605 729 615 752 »
623 721 647 753 4⁶.

173 789 219 827 «Ut
237 789 278 826 hae
299 789 484 826 controversiae47
505 789 574 827 solide
593 794 613 826 et
633 790 707 827 dextre
727 789 863 833 explicentur
883 793 945 835 atquc

120 862 254 905 decidantur,
265 862 318 899 haec
329 865 403 899 nostra
414 862 474 906 fides,
487 862 586 899 doctrina
599 866 619 899 et
631 862 740 899 confessio
752 865 793 900 est:
807 863 823 900 1.
836 862 946 906 (11101110-

119 945 146 971 ua
161 945 227 978 opera
241 946 314 971 veram
327 935 398 978 fidem,
415 935 442 976 (si
456 935 521 972 modo
535 946 559 972 ea
571 946 615 972 uon
630 935 658 972 sit
671 938 756 973 mortua
770 936 808 973 sed
821 935 871 972 vira
884 934 945 977 fides)

118 1006 238 1043 certissime
254 1010 317 1051 atque
333 1007 455 1044 indubitato
472 1010 589 1051 sequantur
603 1010 712 1051 tamquam
729 1008 811 1044 tructus
825 1008 895 1045 honae
912 1019 943 1044 ar-

118 1079 185 1117 boris.
198 1080 224 1116 ss.
238 1078 350 1117 Credimus
363 1080 434 1123 etiam,
447 1080 549 1116 docemus
561 1084 581 1118 et
594 1078 726 1123 confitemur,
739 1080 797 1123 quod
809 1080 867 1117 bona
880 1091 945 1123 opera

117 1151 204 1194 penitus
224 1151 360 1188 excludenda
377 1151 427 1195 sint,
446 1162 490 1188 non
509 1155 592 1188 tantum
611 1162 659 1188 oum
678 1152 703 1188 de
722 1151 875 1189 iustificatione
886 1151 943 1198 ¹fidei

120 1225 195 1268 agitur,
212 1225 250 1261 sed
266 1225 330 1261 etiam
346 1235 395 1261 cum
412 1225 438 1261 de
455 1225 522 1261 salute
538 1228 612 1262 nostra
629 1228 716 1261 aeterna
733 1224 874 1267 disputatur...
891 1224 946 1260 VIII.

120 1297 180 1334 Hanc
196 1308 246 1334 vero
262 1297 385 1334 libertatem
400 1298 490 1340 spiritus
505 1297 528 1333 11
545 1296 619 1334 electis
635 1297 675 1333 Dei
691 1296 742 1333 filiis
759 1307 803 1334 non
820 1284 946 1340 perfectam,

118 1370 156 1406 sed
169 1368 286 1412 multiplici
300 1369 425 1406 infirmitate
440 1368 511 1405 adhuc
525 1371 635 1412 gravatam
649 1368 793 1412 agnoscimus,
806 1368 943 1413 quemadmo-

121 1443 171 1478 dum
188 1443 250 1479 diuus
265 1442 343 1479 Paulus
359 1452 424 1484 super
440 1453 464 1478 ea
479 1453 502 1478 re
519 1442 544 1478 de
560 1451 598 1478 sua
612 1440 681 1484 ipsius
697 1451 791 1484 persona
807 1441 947 1484 conqueritur

124 1513 192 1555 (Rom.
208 1513 307 1556 7,14-25.
323 1513 367 1551 Gai.
382 1514 400 1556 5,
415 1513 455 1555 17).
469 1512 501 1549 IX.
515 1513 577 1549 Iliam
591 1516 662 1549 tamen
678 1512 826 1549 infirmitatem
840 1513 946 1549 Dominus

121 1587 193 1623 electis
208 1586 252 1623 suis
267 1597 311 1623 non
325 1587 423 1629 imputat,
438 1586 504 1629 idque
519 1588 608 1629 propter
624 1585 765 1622 mediatorem
781 1584 896 1622 Christum.
912 1585 946 1622 Sio

120 1658 178 1715 enim
191 1658 296 1701 scriptum
309 1662 340 1695 est
357 1657 426 1699 (Rom.
438 1658 456 1701 8,
470 1657 501 1699 ti:
517 1657 578 1694 Nihil
591 1657 634 1693 iam
649 1657 794 1694 damnationis
809 1660 840 1695 est
851 1657 893 1700 his,
907 1658 944 1702 qui

121 1732 143 1767 11
155 1731 240 1769 Christo
251 1732 299 1768 Iesu
311 1734 367 1768 sunt.
378 1731 400 1768 11.
413 1730 526 1768 Credimus
537 1732 654 1774 praeterea,
667 1730 768 1767 docemus
781 1733 802 1767 et
814 1728 946 1772 confitemur,

120 1804 184 1841 fidem
201 1807 221 1841 et
236 1805 326 1842 salutem
342 1804 365 1839 11
381 1803 444 1840 nobis
460 1803 585 1840 conservari
602 1805 638 1839 aut
652 1802 741 1839 retineri
759 1813 803 1839 non
818 1813 858 1846 per
874 1799 946 1845 opera,

121 1877 159 1914 sed
170 1880 253 1914 tantum
265 1888 303 1920 per
316 1875 421 1920 Spiritum
432 1875 471 1912 Dei
484 1878 504 1911 et
515 1874 636 1919 perfidem,
651 1874 701 1919 (qua
713 1873 796 1912 scilicet
808 1875 865 1911 salus
878 1878 947 1911 custo-

123 1949 195 1993 ditur),
212 1949 269 1986 houa
288 1951 358 1986 autern
375 1959 441 1991 opera
453 1947 582 1999 testimonia
600 1957 651 1990 esse,
669 1946 728 1991 quod
745 1946 838 1989 Spiritus
849 1946 947 1991 ,Sanctus

121 2032 223 2064 praesens
236 2021 264 2057 sit
276 2024 339 2065 atque
353 2021 375 2056 11
389 2020 452 2057 nobis
466 2019 567 2055 habitet»
577 2022 600 2054 4³.
615 2018 712 2055 Similem
727 2018 849 2055 doctrinam
863 2017 947 2055 Calvini

118 2094 168 2131 ride
187 2094 209 2129 11
229 2093 275 2130 eius
294 2092 429 2131 Catechismo
447 2091 551 2129 ecclesiae
570 2090 700 2128 Genevensis
723 2090 824 2133 (1545J49,
842 2093 861 2126 et
877 2090 947 2126 Zwin-

121 2167 242 2209 glianorum
258 2166 281 2201 in
296 2165 437 2203 Confessione
451 2164 559 2200 helvetica
572 2163 692 2207 posteriore
712 2161 779 2204 (1562)
789 2166 813 2198 ⁵⁰.

169 2321 186 2342 46
200 2316 249 2349 Ibid.
263 2317 296 2349 528
311 2328 325 2350 s.

169 2383 185 2402 ⁴?
200 2378 236 2410 Sci.
250 2378 277 2409 De
290 2378 348 2410 honis
363 2377 461 2415 operibus.

169 2442 187 2463 rs
200 2438 249 2470 Ibid.
260 2438 292 2471 531
305 2449 319 2471 s.
329 2439 356 2470 Dc
367 2438 479 2470 differentia
490 2438 542 2469 inter
552 2438 713 2470 iustificationem
724 2442 742 2470 et
754 2438 902 2470 renovationem
913 2449 947 2471 seu

123 2488 298 2531 sanctificationem
311 2498 355 2530 vide
367 2498 431 2536 Form.
444 2498 510 2536 Conc.;
524 2498 544 2530 P,
558 2498 582 2530 II.
596 2498 634 2530 Sol.
648 2498 700 2531 Decl.
714 2498 750 2537 ΙΙΙ;
765 2506 808 2537 pag.
822 2498 855 2531 613
869 2508 894 2531 ss.

169 2561 186 2583 4⁹
200 2558 256 2596 Apud
268 2558 288 2590 E.
301 2558 321 2591 F.
335 2558 381 2590 Kar]
394 2558 470 2596 Miiller,
482 2557 517 2589 Die
530 2558 747 2591 Bekenntnisschritten
762 2559 796 2591 der
808 2559 944 2592 reformierten

121 2618 196 2651 11111111.
210 2618 293 2658 Leipzig,
307 2617 359 2657 1903,
371 2626 414 2657 pag.
428 2618 462 2651 127
477 2628 491 2650 s.

172 2683 190 2705 5⁰
203 2678 252 2712 Ibid.
268 2679 301 2712 191
317 2689 342 2713 ss.
