<?xml version="1.0" encoding="UTF-8"?>
<!DOCTYPE html PUBLIC "-//W3C//DTD XHTML 1.0 Transitional//EN"
    "http://www.w3.org/TR/xhtml1/DTD/xhtml1-transitional.dtd">
<html xmlns="http://www.w3.org/1999/xhtml" xml:lang="en" lang="en">
 <head>
  <title>
</title>
<meta http-equiv="Content-Type" content="text/html;charset=utf-8" />
  <meta name='ocr-system' content='tesseract 3.04.00' />
  <meta name='ocr-capabilities' content='ocr_page ocr_carea ocr_par ocr_line ocrx_word'/>
</head>
<body>
  <div class='ocr_page' id='page_1' title='image "./MN41638ucmf_6_0207.png"; bbox 0 0 1952 3093; ppageno 0'>
   <div class='ocr_carea' id='block_1_1' title="bbox 391 56 512 93">
    <p class='ocr_par' dir='ltr' id='par_1_1' title="bbox 391 56 512 93">
     <span class='ocr_line' id='line_1_1' title="bbox 391 56 512 93; baseline 0 -1"><span class='ocrx_word' id='word_1_1' title='bbox 391 56 512 93; x_wconf 82' lang='lat'>-187-</span> 
     </span>
    </p>
   </div>
   <div class='ocr_carea' id='block_1_2' title="bbox 39 174 868 1080">
    <p class='ocr_par' dir='ltr' id='par_1_2' title="bbox 39 174 868 1080">
     <span class='ocr_line' id='line_1_2' title="bbox 40 174 866 223; baseline -0.012 -4"><span class='ocrx_word' id='word_1_2' title='bbox 40 182 106 223; x_wconf 86' lang='lat' dir='ltr'>sistat,</span> <span class='ocrx_word' id='word_1_3' title='bbox 119 189 159 216; x_wconf 89' lang='lat' dir='ltr'>nec</span> <span class='ocrx_word' id='word_1_4' title='bbox 171 178 286 215; x_wconf 77' lang='lat' dir='ltr'>tentationi</span> <span class='ocrx_word' id='word_1_5' title='bbox 300 177 432 221; x_wconf 78' lang='lat' dir='ltr'><strong>succumbat,</strong></span> <span class='ocrx_word' id='word_1_6' title='bbox 445 180 465 214; x_wconf 89' lang='lat' dir='ltr'>et</span> <span class='ocrx_word' id='word_1_7' title='bbox 476 177 522 213; x_wconf 90' lang='lat' dir='ltr'>sine</span> <span class='ocrx_word' id='word_1_8' title='bbox 535 187 577 220; x_wconf 88' lang='lat' dir='ltr'>qua</span> <span class='ocrx_word' id='word_1_9' title='bbox 590 176 637 219; x_wconf 84' lang='lat' dir='ltr'>scit,</span> <span class='ocrx_word' id='word_1_10' title='bbox 648 176 738 212; x_wconf 92' lang='lat' dir='ltr'>omnino</span> <span class='ocrx_word' id='word_1_11' title='bbox 750 174 866 211; x_wconf 77' lang='lat' dir='ltr'>tentationi</span> 
     </span>
     <span class='ocr_line' id='line_1_3' title="bbox 40 246 867 292; baseline -0.01 -2"><span class='ocrx_word' id='word_1_12' title='bbox 40 261 202 291; x_wconf 89' lang='lat' dir='ltr'>consensurum.</span> <span class='ocrx_word' id='word_1_13' title='bbox 216 250 273 286; x_wconf 89' lang='lat' dir='ltr'>Haec</span> <span class='ocrx_word' id='word_1_14' title='bbox 286 250 352 292; x_wconf 89' lang='lat' dir='ltr'>igitur</span> <span class='ocrx_word' id='word_1_15' title='bbox 366 246 468 292; x_wconf 83' lang='lat' dir='ltr'>cogitatio</span> <span class='ocrx_word' id='word_1_16' title='bbox 484 249 514 285; x_wconf 87' lang='lat' dir='ltr'>ita</span> <span class='ocrx_word' id='word_1_17' title='bbox 528 248 619 284; x_wconf 86' lang='lat' dir='ltr'>arbitrio</span> <span class='ocrx_word' id='word_1_18' title='bbox 634 250 712 291; x_wconf 89' lang='lat' dir='ltr'>aptata,</span> <span class='ocrx_word' id='word_1_19' title='bbox 727 250 750 284; x_wconf 93' lang='lat' dir='ltr'>ut</span> <span class='ocrx_word' id='word_1_20' title='bbox 764 247 819 283; x_wconf 92' lang='lat' dir='ltr'>illud</span> <span class='ocrx_word' id='word_1_21' title='bbox 833 256 867 282; x_wconf 90' lang='lat' dir='ltr'>co-</span> 
     </span>
     <span class='ocr_line' id='line_1_4' title="bbox 39 319 866 367; baseline -0.007 -7"><span class='ocrx_word' id='word_1_22' title='bbox 39 324 112 362; x_wconf 86' lang='lat' dir='ltr'>hibeat</span> <span class='ocrx_word' id='word_1_23' title='bbox 126 334 137 359; x_wconf 91' lang='lat' dir='ltr'>a</span> <span class='ocrx_word' id='word_1_24' title='bbox 150 333 257 359; x_wconf 87' lang='lat' dir='ltr'>consensu</span> <span class='ocrx_word' id='word_1_25' title='bbox 271 322 294 357; x_wconf 91' lang='lat' dir='ltr'>in</span> <span class='ocrx_word' id='word_1_26' title='bbox 307 321 455 367; x_wconf 76' lang='lat' dir='ltr'>tentationem,</span> <span class='ocrx_word' id='word_1_27' title='bbox 469 321 526 357; x_wconf 91' lang='lat' dir='ltr'>etin</span> <span class='ocrx_word' id='word_1_28' title='bbox 540 320 661 357; x_wconf 85' lang='lat' dir='ltr'>studiosum</span> <span class='ocrx_word' id='word_1_29' title='bbox 674 319 776 356; x_wconf 85' lang='lat' dir='ltr'>affectum</span> <span class='ocrx_word' id='word_1_30' title='bbox 790 322 866 356; x_wconf 80' lang='lat' dir='ltr'>contra</span> 
     </span>
     <span class='ocr_line' id='line_1_5' title="bbox 41 391 865 438; baseline -0.01 -4"><span class='ocrx_word' id='word_1_31' title='bbox 41 397 99 434; x_wconf 89' lang='lat' dir='ltr'>illam</span> <span class='ocrx_word' id='word_1_32' title='bbox 113 395 200 438; x_wconf 89' lang='lat' dir='ltr'>alliciat,</span> <span class='ocrx_word' id='word_1_33' title='bbox 212 405 252 430; x_wconf 87' lang='lat' dir='ltr'>nec</span> <span class='ocrx_word' id='word_1_34' title='bbox 266 393 339 431; x_wconf 90' lang='lat' dir='ltr'>debita</span> <span class='ocrx_word' id='word_1_35' title='bbox 352 396 397 430; x_wconf 89' lang='lat' dir='ltr'>erat</span> <span class='ocrx_word' id='word_1_36' title='bbox 410 392 523 436; x_wconf 84' lang='lat' dir='ltr'>creationi,</span> <span class='ocrx_word' id='word_1_37' title='bbox 537 402 576 429; x_wconf 89' lang='lat' dir='ltr'>nec</span> <span class='ocrx_word' id='word_1_38' title='bbox 589 391 750 429; x_wconf 81' lang='lat' dir='ltr'>conservationi</span> <span class='ocrx_word' id='word_1_39' title='bbox 764 393 865 427; x_wconf 84' lang='lat' dir='ltr'>naturae:</span> 
     </span>
     <span class='ocr_line' id='line_1_6' title="bbox 41 464 867 513; baseline -0.005 -10"><span class='ocrx_word' id='word_1_40' title='bbox 41 468 90 513; x_wconf 90' lang='lat' dir='ltr'>quia</span> <span class='ocrx_word' id='word_1_41' title='bbox 106 467 181 503; x_wconf 90' lang='lat' dir='ltr'>illaeso</span> <span class='ocrx_word' id='word_1_42' title='bbox 198 466 255 503; x_wconf 92' lang='lat' dir='ltr'>dono</span> <span class='ocrx_word' id='word_1_43' title='bbox 272 465 395 507; x_wconf 80' lang='lat' dir='ltr'>creationis,</span> <span class='ocrx_word' id='word_1_44' title='bbox 412 465 528 508; x_wconf 85' lang='lat' dir='ltr'>illaesaque</span> <span class='ocrx_word' id='word_1_45' title='bbox 545 464 636 501; x_wconf 88' lang='lat' dir='ltr'>omnino</span> <span class='ocrx_word' id='word_1_46' title='bbox 649 466 732 506; x_wconf 88' lang='lat' dir='ltr'>natura,</span> <span class='ocrx_word' id='word_1_47' title='bbox 748 467 768 500; x_wconf 91' lang='lat' dir='ltr'>et</span> <span class='ocrx_word' id='word_1_48' title='bbox 784 464 867 506; x_wconf 80' lang='lat' dir='ltr'>integre</span> 
     </span>
     <span class='ocr_line' id='line_1_7' title="bbox 40 535 867 581; baseline -0.006 -6"><span class='ocrx_word' id='word_1_49' title='bbox 40 541 63 576; x_wconf 88' lang='lat' dir='ltr'>in</span> <span class='ocrx_word' id='word_1_50' title='bbox 76 550 114 575; x_wconf 91' lang='lat' dir='ltr'>sua</span> <span class='ocrx_word' id='word_1_51' title='bbox 126 541 204 575; x_wconf 87' lang='lat' dir='ltr'>natura</span> <span class='ocrx_word' id='word_1_52' title='bbox 215 538 328 581; x_wconf 88' lang='lat' dir='ltr'>producta,</span> <span class='ocrx_word' id='word_1_53' title='bbox 342 541 363 574; x_wconf 88' lang='lat' dir='ltr'>et</span> <span class='ocrx_word' id='word_1_54' title='bbox 375 539 509 580; x_wconf 86' lang='lat' dir='ltr'>conservata,</span> <span class='ocrx_word' id='word_1_55' title='bbox 522 539 607 580; x_wconf 88' lang='lat' dir='ltr'>poterat</span> <span class='ocrx_word' id='word_1_56' title='bbox 619 536 676 573; x_wconf 92' lang='lat' dir='ltr'>Deus</span> <span class='ocrx_word' id='word_1_57' title='bbox 690 535 770 579; x_wconf 88' lang='lat' dir='ltr'>absque</span> <span class='ocrx_word' id='word_1_58' title='bbox 782 535 825 572; x_wconf 92' lang='lat' dir='ltr'>ulla</span> <span class='ocrx_word' id='word_1_59' title='bbox 839 536 867 577; x_wconf 89' lang='lat' dir='ltr'>vi,</span> 
     </span>
     <span class='ocr_line' id='line_1_8' title="bbox 41 608 867 653; baseline -0.005 -5"><span class='ocrx_word' id='word_1_60' title='bbox 41 611 121 648; x_wconf 88' lang='lat' dir='ltr'>iniuria</span> <span class='ocrx_word' id='word_1_61' title='bbox 135 613 170 647; x_wconf 90' lang='lat' dir='ltr'>aut</span> <span class='ocrx_word' id='word_1_62' title='bbox 182 609 345 653; x_wconf 83' lang='lat' dir='ltr'>ingratitudine,</span> <span class='ocrx_word' id='word_1_63' title='bbox 359 609 442 653; x_wconf 89' lang='lat' dir='ltr'>reliqua</span> <span class='ocrx_word' id='word_1_64' title='bbox 455 610 485 646; x_wconf 90' lang='lat' dir='ltr'>ita</span> <span class='ocrx_word' id='word_1_65' title='bbox 497 609 620 651; x_wconf 83' lang='lat' dir='ltr'>disponere,</span> <span class='ocrx_word' id='word_1_66' title='bbox 632 611 655 645; x_wconf 92' lang='lat' dir='ltr'>ut</span> <span class='ocrx_word' id='word_1_67' title='bbox 667 609 690 644; x_wconf 93' lang='lat' dir='ltr'>in</span> <span class='ocrx_word' id='word_1_68' title='bbox 702 608 740 645; x_wconf 88' lang='lat' dir='ltr'>tali</span> <span class='ocrx_word' id='word_1_69' title='bbox 752 608 867 645; x_wconf 81' lang='lat' dir='ltr'>occasione</span> 
     </span>
     <span class='ocr_line' id='line_1_9' title="bbox 41 681 867 724; baseline -0.005 -4"><span class='ocrx_word' id='word_1_70' title='bbox 41 693 84 720; x_wconf 91' lang='lat' dir='ltr'>non</span> <span class='ocrx_word' id='word_1_71' title='bbox 96 683 252 719; x_wconf 87' lang='lat' dir='ltr'>concederetur</span> <span class='ocrx_word' id='word_1_72' title='bbox 263 682 348 719; x_wconf 91' lang='lat' dir='ltr'>homini</span> <span class='ocrx_word' id='word_1_73' title='bbox 359 682 509 719; x_wconf 87' lang='lat' dir='ltr'>vehementior</span> <span class='ocrx_word' id='word_1_74' title='bbox 520 681 622 724; x_wconf 86' lang='lat' dir='ltr'>cogitatio</span> <span class='ocrx_word' id='word_1_75' title='bbox 634 683 709 717; x_wconf 90' lang='lat' dir='ltr'>contra</span> <span class='ocrx_word' id='word_1_76' title='bbox 720 681 867 722; x_wconf 80' lang='lat' dir='ltr'>tentationem,</span> 
     </span>
     <span class='ocr_line' id='line_1_10' title="bbox 41 753 868 800; baseline -0.004 -9"><span class='ocrx_word' id='word_1_77' title='bbox 41 766 82 800; x_wconf 90' lang='lat' dir='ltr'>qua</span> <span class='ocrx_word' id='word_1_78' title='bbox 100 754 239 792; x_wconf 90' lang='lat' dir='ltr'>cohiberetur</span> <span class='ocrx_word' id='word_1_79' title='bbox 254 765 268 790; x_wconf 83' lang='lat' dir='ltr'>a</span> <span class='ocrx_word' id='word_1_80' title='bbox 286 764 404 790; x_wconf 86' lang='lat' dir='ltr'>consensu:</span> <span class='ocrx_word' id='word_1_81' title='bbox 424 754 463 790; x_wconf 91' lang='lat' dir='ltr'>sed</span> <span class='ocrx_word' id='word_1_82' title='bbox 480 753 603 797; x_wconf 87' lang='lat' dir='ltr'>relinquere</span> <span class='ocrx_word' id='word_1_83' title='bbox 620 764 669 790; x_wconf 92' lang='lat' dir='ltr'>eum</span> <span class='ocrx_word' id='word_1_84' title='bbox 685 756 761 796; x_wconf 87' lang='lat' dir='ltr'>posset</span> <span class='ocrx_word' id='word_1_85' title='bbox 776 763 825 789; x_wconf 86' lang='lat' dir='ltr'>curn</span> <span class='ocrx_word' id='word_1_86' title='bbox 843 764 868 788; x_wconf 90' lang='lat' dir='ltr'>ea</span> 
     </span>
     <span class='ocr_line' id='line_1_11' title="bbox 41 825 868 877; baseline -0.005 -13"><span class='ocrx_word' id='word_1_87' title='bbox 41 826 177 870; x_wconf 81' lang='lat' dir='ltr'>cogitatione,</span> <span class='ocrx_word' id='word_1_88' title='bbox 186 837 235 862; x_wconf 91' lang='lat' dir='ltr'>cum</span> <span class='ocrx_word' id='word_1_89' title='bbox 244 836 287 870; x_wconf 88' lang='lat' dir='ltr'>qua</span> <span class='ocrx_word' id='word_1_90' title='bbox 296 829 353 862; x_wconf 91' lang='lat' dir='ltr'>recte</span> <span class='ocrx_word' id='word_1_91' title='bbox 364 826 430 870; x_wconf 90' lang='lat' dir='ltr'>novit,</span> <span class='ocrx_word' id='word_1_92' title='bbox 441 825 555 863; x_wconf 88' lang='lat' dir='ltr'>arbitrium</span> <span class='ocrx_word' id='word_1_93' title='bbox 565 825 623 862; x_wconf 91' lang='lat' dir='ltr'>illius</span> <span class='ocrx_word' id='word_1_94' title='bbox 633 825 655 861; x_wconf 90' lang='lat' dir='ltr'>in</span> <span class='ocrx_word' id='word_1_95' title='bbox 666 826 807 877; x_wconf 88' lang='lat' dir='ltr'>tentationem</span> <span class='ocrx_word' id='word_1_96' title='bbox 818 834 868 861; x_wconf 90' lang='lat' dir='ltr'>con-</span> 
     </span>
     <span class='ocr_line' id='line_1_12' title="bbox 42 897 868 942; baseline -0.002 -8"><span class='ocrx_word' id='word_1_97' title='bbox 42 908 160 938; x_wconf 89' lang='lat' dir='ltr'>sensurum,</span> <span class='ocrx_word' id='word_1_98' title='bbox 172 898 230 941; x_wconf 90' lang='lat' dir='ltr'>quod</span> <span class='ocrx_word' id='word_1_99' title='bbox 242 898 337 941; x_wconf 90' lang='lat' dir='ltr'>quidem,</span> <span class='ocrx_word' id='word_1_100' title='bbox 347 898 446 942; x_wconf 91' lang='lat' dir='ltr'>quamvis</span> <span class='ocrx_word' id='word_1_101' title='bbox 456 898 538 935; x_wconf 86' lang='lat' dir='ltr'>faceret</span> <span class='ocrx_word' id='word_1_102' title='bbox 548 898 612 940; x_wconf 74' lang='lat' dir='ltr'>Deus</span> <span class='ocrx_word' id='word_1_103' title='bbox 623 901 647 934; x_wconf 90' lang='lat' dir='ltr'>ut</span> <span class='ocrx_word' id='word_1_104' title='bbox 656 900 747 940; x_wconf 90' lang='lat' dir='ltr'>poterat,</span> <span class='ocrx_word' id='word_1_105' title='bbox 759 897 868 934; x_wconf 90' lang='lat' dir='ltr'>nihilomi-</span> 
     </span>
     <span class='ocr_line' id='line_1_13' title="bbox 41 969 868 1014; baseline -0.002 -7"><span class='ocrx_word' id='word_1_106' title='bbox 41 982 81 1007; x_wconf 91' lang='lat' dir='ltr'>nus</span> <span class='ocrx_word' id='word_1_107' title='bbox 94 971 159 1008; x_wconf 89' lang='lat' dir='ltr'>homo</span> <span class='ocrx_word' id='word_1_108' title='bbox 173 970 259 1008; x_wconf 90' lang='lat' dir='ltr'>debitor</span> <span class='ocrx_word' id='word_1_109' title='bbox 273 970 317 1014; x_wconf 88' lang='lat' dir='ltr'>ipsi</span> <span class='ocrx_word' id='word_1_110' title='bbox 330 973 433 1014; x_wconf 90' lang='lat' dir='ltr'>maneret,</span> <span class='ocrx_word' id='word_1_111' title='bbox 448 973 539 1014; x_wconf 90' lang='lat' dir='ltr'>propter</span> <span class='ocrx_word' id='word_1_112' title='bbox 554 970 634 1007; x_wconf 89' lang='lat' dir='ltr'>donum</span> <span class='ocrx_word' id='word_1_113' title='bbox 650 969 767 1006; x_wconf 86' lang='lat' dir='ltr'>creationis</span> <span class='ocrx_word' id='word_1_114' title='bbox 783 972 803 1006; x_wconf 92' lang='lat' dir='ltr'>et</span> <span class='ocrx_word' id='word_1_115' title='bbox 818 980 868 1007; x_wconf 91' lang='lat' dir='ltr'>con-</span> 
     </span>
     <span class='ocr_line' id='line_1_14' title="bbox 42 1042 197 1080; baseline 0 -1"><span class='ocrx_word' id='word_1_116' title='bbox 42 1042 170 1080; x_wconf 86' lang='lat' dir='ltr'>servationis</span> <span class='ocrx_word' id='word_1_117' title='bbox 179 1055 197 1079; x_wconf 87' lang='lat'>».</span> 
     </span>
    </p>
   </div>
   <div class='ocr_carea' id='block_1_3' title="bbox 42 1125 872 2175">
    <p class='ocr_par' dir='ltr' id='par_1_3' title="bbox 42 1125 872 2175">
     <span class='ocr_line' id='line_1_15' title="bbox 95 1125 869 1169; baseline -0.001 -7"><span class='ocrx_word' id='word_1_118' title='bbox 95 1126 142 1163; x_wconf 91' lang='lat' dir='ltr'>Hoc</span> <span class='ocrx_word' id='word_1_119' title='bbox 156 1129 227 1163; x_wconf 89' lang='lat' dir='ltr'>autem</span> <span class='ocrx_word' id='word_1_120' title='bbox 241 1126 346 1163; x_wconf 84' lang='lat' dir='ltr'>auxilium</span> <span class='ocrx_word' id='word_1_121' title='bbox 360 1137 406 1163; x_wconf 91' lang='lat' dir='ltr'>esse</span> <span class='ocrx_word' id='word_1_122' title='bbox 419 1137 459 1169; x_wconf 87' lang='lat' dir='ltr'>per</span> <span class='ocrx_word' id='word_1_123' title='bbox 472 1126 587 1169; x_wconf 85' lang='lat' dir='ltr'>Christum,</span> <span class='ocrx_word' id='word_1_124' title='bbox 602 1126 632 1162; x_wconf 89' lang='lat' dir='ltr'>ita</span> <span class='ocrx_word' id='word_1_125' title='bbox 646 1126 742 1163; x_wconf 88' lang='lat' dir='ltr'>ostendit</span> <span class='ocrx_word' id='word_1_126' title='bbox 749 1129 787 1163; x_wconf 68' lang='lat'>1⁴4:</span> <span class='ocrx_word' id='word_1_127' title='bbox 805 1138 815 1162; x_wconf 84' lang='lat'>«</span> <span class='ocrx_word' id='word_1_128' title='bbox 824 1125 869 1162; x_wconf 92' lang='lat' dir='ltr'>Pri-</span> 
     </span>
     <span class='ocr_line' id='line_1_16' title="bbox 43 1198 869 1242; baseline 0 -8"><span class='ocrx_word' id='word_1_129' title='bbox 43 1210 84 1240; x_wconf 92' lang='lat' dir='ltr'>mo,</span> <span class='ocrx_word' id='word_1_130' title='bbox 96 1198 147 1241; x_wconf 90' lang='lat' dir='ltr'>quia</span> <span class='ocrx_word' id='word_1_131' title='bbox 160 1209 184 1235; x_wconf 89' lang='lat' dir='ltr'>ea</span> <span class='ocrx_word' id='word_1_132' title='bbox 198 1198 279 1235; x_wconf 87' lang='lat' dir='ltr'>dicitur</span> <span class='ocrx_word' id='word_1_133' title='bbox 289 1198 359 1241; x_wconf 83' lang='lat' dir='ltr'>gratia</span> <span class='ocrx_word' id='word_1_134' title='bbox 371 1209 410 1241; x_wconf 89' lang='lat' dir='ltr'>per</span> <span class='ocrx_word' id='word_1_135' title='bbox 419 1198 538 1241; x_wconf 83' lang='lat' dir='ltr'>Christum,</span> <span class='ocrx_word' id='word_1_136' title='bbox 550 1209 615 1242; x_wconf 93' lang='lat' dir='ltr'>quam</span> <span class='ocrx_word' id='word_1_137' title='bbox 627 1201 650 1235; x_wconf 90' lang='lat' dir='ltr'>nt</span> <span class='ocrx_word' id='word_1_138' title='bbox 662 1198 725 1234; x_wconf 91' lang='lat' dir='ltr'>nobis</span> <span class='ocrx_word' id='word_1_139' title='bbox 739 1209 750 1234; x_wconf 92' lang='lat' dir='ltr'>a</span> <span class='ocrx_word' id='word_1_140' title='bbox 762 1198 807 1234; x_wconf 91' lang='lat' dir='ltr'>Deo</span> <span class='ocrx_word' id='word_1_141' title='bbox 820 1208 869 1240; x_wconf 91' lang='lat' dir='ltr'>pro-</span> 
     </span>
     <span class='ocr_line' id='line_1_17' title="bbox 42 1269 869 1314; baseline -0.001 -8"><span class='ocrx_word' id='word_1_142' title='bbox 42 1272 142 1314; x_wconf 89' lang='lat' dir='ltr'>meretur,</span> <span class='ocrx_word' id='word_1_143' title='bbox 158 1269 256 1307; x_wconf 87' lang='lat' dir='ltr'>Christus</span> <span class='ocrx_word' id='word_1_144' title='bbox 271 1272 368 1307; x_wconf 88' lang='lat' dir='ltr'>mortuus</span> <span class='ocrx_word' id='word_1_145' title='bbox 384 1273 435 1306; x_wconf 87' lang='lat' dir='ltr'>est...</span> <span class='ocrx_word' id='word_1_146' title='bbox 451 1270 503 1307; x_wconf 91' lang='lat' dir='ltr'>Cum</span> <span class='ocrx_word' id='word_1_147' title='bbox 519 1270 585 1313; x_wconf 83' lang='lat' dir='ltr'>igitur</span> <span class='ocrx_word' id='word_1_148' title='bbox 600 1280 663 1307; x_wconf 90' lang='lat' dir='ltr'>nemo</span> <span class='ocrx_word' id='word_1_149' title='bbox 679 1269 778 1306; x_wconf 83' lang='lat' dir='ltr'>inficiari</span> <span class='ocrx_word' id='word_1_150' title='bbox 793 1269 869 1312; x_wconf 85' lang='lat' dir='ltr'>possit,</span> 
     </span>
     <span class='ocr_line' id='line_1_18' title="bbox 43 1341 870 1385; baseline -0.001 -6"><span class='ocrx_word' id='word_1_151' title='bbox 43 1341 152 1379; x_wconf 85' lang='lat' dir='ltr'>Christum</span> <span class='ocrx_word' id='word_1_152' title='bbox 163 1345 272 1379; x_wconf 91' lang='lat' dir='ltr'>mortuum</span> <span class='ocrx_word' id='word_1_153' title='bbox 285 1353 338 1385; x_wconf 90' lang='lat' dir='ltr'>esse,</span> <span class='ocrx_word' id='word_1_154' title='bbox 352 1345 374 1378; x_wconf 94' lang='lat' dir='ltr'>ut</span> <span class='ocrx_word' id='word_1_155' title='bbox 388 1342 451 1379; x_wconf 88' lang='lat' dir='ltr'>nobis</span> <span class='ocrx_word' id='word_1_156' title='bbox 465 1342 591 1385; x_wconf 85' lang='lat' dir='ltr'>impetraret</span> <span class='ocrx_word' id='word_1_157' title='bbox 604 1342 695 1385; x_wconf 80' lang='lat' dir='ltr'>gratiam</span> <span class='ocrx_word' id='word_1_158' title='bbox 710 1344 785 1378; x_wconf 90' lang='lat' dir='ltr'>contra</span> <span class='ocrx_word' id='word_1_159' title='bbox 798 1342 870 1385; x_wconf 89' lang='lat' dir='ltr'>singu-</span> 
     </span>
     <span class='ocr_line' id='line_1_19' title="bbox 42 1413 870 1457; baseline 0.001 -8"><span class='ocrx_word' id='word_1_160' title='bbox 42 1413 74 1449; x_wconf 91' lang='lat' dir='ltr'>las</span> <span class='ocrx_word' id='word_1_161' title='bbox 90 1413 226 1457; x_wconf 88' lang='lat' dir='ltr'>tentationes,</span> <span class='ocrx_word' id='word_1_162' title='bbox 243 1414 351 1450; x_wconf 85' lang='lat' dir='ltr'>neetiam</span> <span class='ocrx_word' id='word_1_163' title='bbox 368 1413 471 1450; x_wconf 82' lang='lat' dir='ltr'>minimae</span> <span class='ocrx_word' id='word_1_164' title='bbox 487 1414 682 1456; x_wconf 87' lang='lat' dir='ltr'>succumberemus,</span> <span class='ocrx_word' id='word_1_165' title='bbox 700 1424 764 1457; x_wconf 93' lang='lat' dir='ltr'>quam</span> <span class='ocrx_word' id='word_1_166' title='bbox 782 1424 804 1450; x_wconf 87' lang='lat' dir='ltr'>re</span> <span class='ocrx_word' id='word_1_167' title='bbox 822 1414 870 1456; x_wconf 91' lang='lat' dir='ltr'>ipsa</span> 
     </span>
     <span class='ocr_line' id='line_1_20' title="bbox 42 1484 869 1530; baseline 0 -9"><span class='ocrx_word' id='word_1_168' title='bbox 42 1484 157 1529; x_wconf 89' lang='lat' dir='ltr'>vincimus,</span> <span class='ocrx_word' id='word_1_169' title='bbox 169 1485 292 1522; x_wconf 89' lang='lat' dir='ltr'>necessario</span> <span class='ocrx_word' id='word_1_170' title='bbox 307 1485 370 1522; x_wconf 81' lang='lat' dir='ltr'>fateri</span> <span class='ocrx_word' id='word_1_171' title='bbox 385 1485 493 1528; x_wconf 91' lang='lat' dir='ltr'>debemus,</span> <span class='ocrx_word' id='word_1_172' title='bbox 506 1485 603 1530; x_wconf 84' lang='lat' dir='ltr'>gratiam,</span> <span class='ocrx_word' id='word_1_173' title='bbox 617 1496 659 1529; x_wconf 91' lang='lat' dir='ltr'>qua</span> <span class='ocrx_word' id='word_1_174' title='bbox 672 1485 768 1529; x_wconf 80' lang='lat' dir='ltr'>singulas</span> <span class='ocrx_word' id='word_1_175' title='bbox 783 1495 869 1528; x_wconf 90' lang='lat' dir='ltr'>supera-</span> 
     </span>
     <span class='ocr_line' id='line_1_21' title="bbox 44 1556 869 1612; baseline 0 -19"><span class='ocrx_word' id='word_1_176' title='bbox 44 1568 91 1593; x_wconf 91' lang='lat' dir='ltr'>mus</span> <span class='ocrx_word' id='word_1_177' title='bbox 109 1556 245 1600; x_wconf 88' lang='lat' dir='ltr'>tentationes,</span> <span class='ocrx_word' id='word_1_178' title='bbox 263 1568 309 1594; x_wconf 92' lang='lat' dir='ltr'>esse</span> <span class='ocrx_word' id='word_1_179' title='bbox 327 1568 366 1600; x_wconf 88' lang='lat' dir='ltr'>per</span> <span class='ocrx_word' id='word_1_180' title='bbox 384 1556 500 1594; x_wconf 84' lang='lat' dir='ltr'>Christum.</span> <span class='ocrx_word' id='word_1_181' title='bbox 518 1557 573 1594; x_wconf 71' lang='lat' dir='ltr'>Nam</span> <span class='ocrx_word' id='word_1_182' title='bbox 591 1558 689 1601; x_wconf 87' lang='lat' dir='ltr'>quamvis</span> <span class='ocrx_word' id='word_1_183' title='bbox 703 1557 806 1612; x_wconf 30' lang='lat' dir='ltr'>‘Christus</span> <span class='ocrx_word' id='word_1_184' title='bbox 826 1568 869 1594; x_wconf 90' lang='lat' dir='ltr'>non</span> 
     </span>
     <span class='ocr_line' id='line_1_22' title="bbox 43 1628 870 1672; baseline 0.001 -8"><span class='ocrx_word' id='word_1_185' title='bbox 43 1628 109 1665; x_wconf 88' lang='lat' dir='ltr'>fuerit</span> <span class='ocrx_word' id='word_1_186' title='bbox 119 1628 257 1672; x_wconf 90' lang='lat' dir='ltr'>promeritus,</span> <span class='ocrx_word' id='word_1_187' title='bbox 269 1632 293 1665; x_wconf 93' lang='lat' dir='ltr'>ut</span> <span class='ocrx_word' id='word_1_188' title='bbox 305 1639 380 1666; x_wconf 90' lang='lat' dir='ltr'>omnes</span> <span class='ocrx_word' id='word_1_189' title='bbox 394 1640 427 1665; x_wconf 91' lang='lat' dir='ltr'>res</span> <span class='ocrx_word' id='word_1_190' title='bbox 439 1629 548 1665; x_wconf 88' lang='lat' dir='ltr'>naturales</span> <span class='ocrx_word' id='word_1_191' title='bbox 562 1629 707 1666; x_wconf 90' lang='lat' dir='ltr'>conderentur</span> <span class='ocrx_word' id='word_1_192' title='bbox 720 1632 740 1666; x_wconf 90' lang='lat' dir='ltr'>et</span> <span class='ocrx_word' id='word_1_193' title='bbox 752 1628 834 1672; x_wconf 90' lang='lat' dir='ltr'>fierent,</span> <span class='ocrx_word' id='word_1_194' title='bbox 847 1632 870 1665; x_wconf 92' lang='lat' dir='ltr'>ut</span> 
     </span>
     <span class='ocr_line' id='line_1_23' title="bbox 43 1699 870 1745; baseline 0.001 -9"><span class='ocrx_word' id='word_1_195' title='bbox 43 1699 179 1742; x_wconf 88' lang='lat' dir='ltr'>probabilior</span> <span class='ocrx_word' id='word_1_196' title='bbox 188 1700 264 1743; x_wconf 89' lang='lat' dir='ltr'>opinio</span> <span class='ocrx_word' id='word_1_197' title='bbox 273 1700 321 1743; x_wconf 88' lang='lat' dir='ltr'>fert,</span> <span class='ocrx_word' id='word_1_198' title='bbox 331 1703 403 1738; x_wconf 91' lang='lat' dir='ltr'>tamen</span> <span class='ocrx_word' id='word_1_199' title='bbox 412 1711 486 1737; x_wconf 89' lang='lat' dir='ltr'>earum</span> <span class='ocrx_word' id='word_1_200' title='bbox 496 1700 662 1743; x_wconf 89' lang='lat' dir='ltr'>dispositionem</span> <span class='ocrx_word' id='word_1_201' title='bbox 673 1705 694 1738; x_wconf 87' lang='lat' dir='ltr'>et</span> <span class='ocrx_word' id='word_1_202' title='bbox 702 1701 809 1742; x_wconf 88' lang='lat' dir='ltr'>ordinem,</span> <span class='ocrx_word' id='word_1_203' title='bbox 819 1707 870 1745; x_wconf 89' lang='lat' dir='ltr'>qna-</span> 
     </span>
     <span class='ocr_line' id='line_1_24' title="bbox 43 1771 870 1816; baseline 0.002 -9"><span class='ocrx_word' id='word_1_204' title='bbox 43 1774 104 1808; x_wconf 85' lang='lat' dir='ltr'>tenus</span> <span class='ocrx_word' id='word_1_205' title='bbox 115 1771 142 1808; x_wconf 90' lang='lat' dir='ltr'>ad</span> <span class='ocrx_word' id='word_1_206' title='bbox 152 1775 210 1808; x_wconf 90' lang='lat' dir='ltr'>recte</span> <span class='ocrx_word' id='word_1_207' title='bbox 219 1772 337 1809; x_wconf 86' lang='lat' dir='ltr'>vivendum</span> <span class='ocrx_word' id='word_1_208' title='bbox 348 1771 420 1816; x_wconf 90' lang='lat' dir='ltr'>aliqua</span> <span class='ocrx_word' id='word_1_209' title='bbox 430 1784 455 1809; x_wconf 86' lang='lat' dir='ltr'>ex</span> <span class='ocrx_word' id='word_1_210' title='bbox 465 1775 526 1815; x_wconf 87' lang='lat' dir='ltr'>parte</span> <span class='ocrx_word' id='word_1_211' title='bbox 537 1772 690 1815; x_wconf 86' lang='lat' dir='ltr'>conducerent,</span> <span class='ocrx_word' id='word_1_212' title='bbox 701 1782 744 1810; x_wconf 92' lang='lat' dir='ltr'>non</span> <span class='ocrx_word' id='word_1_213' title='bbox 755 1783 870 1816; x_wconf 90' lang='lat' dir='ltr'>possumus</span> 
     </span>
     <span class='ocr_line' id='line_1_25' title="bbox 44 1842 871 1894; baseline 0.002 -16"><span class='ocrx_word' id='word_1_214' title='bbox 44 1843 125 1894; x_wconf 82' lang='lat' dir='ltr'>gratiae</span> <span class='ocrx_word' id='word_1_215' title='bbox 140 1842 221 1881; x_wconf 87' lang='lat' dir='ltr'>Christi</span> <span class='ocrx_word' id='word_1_216' title='bbox 236 1854 280 1880; x_wconf 90' lang='lat' dir='ltr'>non</span> <span class='ocrx_word' id='word_1_217' title='bbox 293 1844 395 1887; x_wconf 91' lang='lat' dir='ltr'>tribuere,</span> <span class='ocrx_word' id='word_1_218' title='bbox 411 1844 448 1888; x_wconf 88' lang='lat' dir='ltr'>qui</span> <span class='ocrx_word' id='word_1_219' title='bbox 463 1847 486 1881; x_wconf 94' lang='lat' dir='ltr'>ut</span> <span class='ocrx_word' id='word_1_220' title='bbox 500 1844 630 1881; x_wconf 84' lang='lat' dir='ltr'>reformaret</span> <span class='ocrx_word' id='word_1_221' title='bbox 642 1845 665 1881; x_wconf 93' lang='lat' dir='ltr'>in</span> <span class='ocrx_word' id='word_1_222' title='bbox 681 1844 750 1881; x_wconf 91' lang='lat' dir='ltr'>bonos</span> <span class='ocrx_word' id='word_1_223' title='bbox 764 1855 835 1881; x_wconf 90' lang='lat' dir='ltr'>mores</span> <span class='ocrx_word' id='word_1_224' title='bbox 851 1850 871 1882; x_wconf 87' lang='lat' dir='ltr'>et</span> 
     </span>
     <span class='ocr_line' id='line_1_26' title="bbox 44 1904 871 1963; baseline 0.002 -13"><span class='ocrx_word' id='word_1_225' title='bbox 44 1914 147 1952; x_wconf 88' lang='lat' dir='ltr'>liberaret</span> <span class='ocrx_word' id='word_1_226' title='bbox 163 1926 203 1963; x_wconf 91' lang='lat' dir='ltr'>nos</span> <span class='ocrx_word' id='word_1_227' title='bbox 220 1926 232 1951; x_wconf 91' lang='lat' dir='ltr'>a</span> <span class='ocrx_word' id='word_1_228' title='bbox 248 1915 331 1958; x_wconf 90' lang='lat' dir='ltr'>laqueis</span> <span class='ocrx_word' id='word_1_229' title='bbox 349 1916 437 1958; x_wconf 88' lang='lat' dir='ltr'>diaboli,</span> <span class='ocrx_word' id='word_1_230' title='bbox 456 1919 553 1953; x_wconf 90' lang='lat' dir='ltr'>mortuus</span> <span class='ocrx_word' id='word_1_231' title='bbox 571 1920 609 1953; x_wconf 89' lang='lat' dir='ltr'>est.</span> <span class='ocrx_word' id='word_1_232' title='bbox 628 1916 733 1959; x_wconf 89' lang='lat' dir='ltr'>Secundo,</span> <span class='ocrx_word' id='word_1_233' title='bbox 753 1904 810 1960; x_wconf 80' lang='lat' dir='ltr'>quia,</span> <span class='ocrx_word' id='word_1_234' title='bbox 827 1916 871 1953; x_wconf 87' lang='lat' dir='ltr'>nisi</span> 
     </span>
     <span class='ocr_line' id='line_1_27' title="bbox 45 1987 872 2032; baseline 0.002 -9"><span class='ocrx_word' id='word_1_235' title='bbox 45 1990 100 2023; x_wconf 84' lang='lat' dir='ltr'>esset</span> <span class='ocrx_word' id='word_1_236' title='bbox 112 1987 161 2023; x_wconf 90' lang='lat' dir='ltr'>talis</span> <span class='ocrx_word' id='word_1_237' title='bbox 173 1987 243 2030; x_wconf 84' lang='lat' dir='ltr'>gratia</span> <span class='ocrx_word' id='word_1_238' title='bbox 254 1998 294 2031; x_wconf 87' lang='lat' dir='ltr'>per</span> <span class='ocrx_word' id='word_1_239' title='bbox 307 1987 422 2030; x_wconf 86' lang='lat' dir='ltr'>Christum,</span> <span class='ocrx_word' id='word_1_240' title='bbox 435 1988 508 2031; x_wconf 88' lang='lat' dir='ltr'>inepte</span> <span class='ocrx_word' id='word_1_241' title='bbox 522 1988 589 2025; x_wconf 89' lang='lat' dir='ltr'>aDeo</span> <span class='ocrx_word' id='word_1_242' title='bbox 603 1999 649 2025; x_wconf 90' lang='lat' dir='ltr'>earn</span> <span class='ocrx_word' id='word_1_243' title='bbox 660 1988 819 2031; x_wconf 87' lang='lat' dir='ltr'>postularemus</span> <span class='ocrx_word' id='word_1_244' title='bbox 831 1999 872 2032; x_wconf 90' lang='lat' dir='ltr'>per</span> 
     </span>
     <span class='ocr_line' id='line_1_28' title="bbox 44 2057 871 2103; baseline 0.004 -9"><span class='ocrx_word' id='word_1_245' title='bbox 44 2059 121 2095; x_wconf 90' lang='lat' dir='ltr'>merita</span> <span class='ocrx_word' id='word_1_246' title='bbox 138 2057 226 2096; x_wconf 90' lang='lat' dir='ltr'>Christi.</span> <span class='ocrx_word' id='word_1_247' title='bbox 242 2058 322 2102; x_wconf 87' lang='lat' dir='ltr'>Tertio,</span> <span class='ocrx_word' id='word_1_248' title='bbox 338 2059 395 2103; x_wconf 90' lang='lat' dir='ltr'>quia,</span> <span class='ocrx_word' id='word_1_249' title='bbox 412 2059 455 2096; x_wconf 92' lang='lat' dir='ltr'>nisi</span> <span class='ocrx_word' id='word_1_250' title='bbox 472 2063 528 2096; x_wconf 88' lang='lat' dir='ltr'>esset</span> <span class='ocrx_word' id='word_1_251' title='bbox 542 2059 596 2096; x_wconf 91' lang='lat' dir='ltr'>haec</span> <span class='ocrx_word' id='word_1_252' title='bbox 613 2060 682 2103; x_wconf 83' lang='lat' dir='ltr'>gratia</span> <span class='ocrx_word' id='word_1_253' title='bbox 698 2070 738 2103; x_wconf 91' lang='lat' dir='ltr'>per</span> <span class='ocrx_word' id='word_1_254' title='bbox 755 2059 871 2103; x_wconf 87' lang='lat' dir='ltr'>Christum,</span> 
     </span>
     <span class='ocr_line' id='line_1_29' title="bbox 45 2130 872 2175; baseline 0.004 -9"><span class='ocrx_word' id='word_1_255' title='bbox 45 2140 157 2172; x_wconf 88' lang='lat' dir='ltr'>possemus</span> <span class='ocrx_word' id='word_1_256' title='bbox 176 2131 199 2166; x_wconf 91' lang='lat' dir='ltr'>in</span> <span class='ocrx_word' id='word_1_257' title='bbox 218 2130 290 2174; x_wconf 86' lang='lat' dir='ltr'>aliqua</span> <span class='ocrx_word' id='word_1_258' title='bbox 308 2130 401 2168; x_wconf 88' lang='lat' dir='ltr'>victoria</span> <span class='ocrx_word' id='word_1_259' title='bbox 418 2132 465 2168; x_wconf 87' lang='lat' dir='ltr'>sine</span> <span class='ocrx_word' id='word_1_260' title='bbox 484 2130 570 2168; x_wconf 89' lang='lat' dir='ltr'>Christo</span> <span class='ocrx_word' id='word_1_261' title='bbox 589 2131 679 2175; x_wconf 84' lang='lat' dir='ltr'>gloriari</span> <span class='ocrx_word' id='word_1_262' title='bbox 697 2134 717 2168; x_wconf 93' lang='lat' dir='ltr'>et</span> <span class='ocrx_word' id='word_1_263' title='bbox 736 2132 810 2175; x_wconf 86' lang='lat' dir='ltr'>inepte</span> <span class='ocrx_word' id='word_1_264' title='bbox 828 2132 872 2175; x_wconf 86' lang='lat' dir='ltr'>ipsi</span> 
     </span>
    </p>
   </div>
   <div class='ocr_carea' id='block_1_4' title="bbox 44 2202 871 2248">
    <p class='ocr_par' dir='ltr' id='par_1_4' title="bbox 44 2202 871 2248">
     <span class='ocr_line' id='line_1_30' title="bbox 44 2202 871 2248; baseline 0.005 -11"><span class='ocrx_word' id='word_1_265' title='bbox 44 2202 124 2244; x_wconf 83' lang='lat' dir='ltr'>gratias</span> <span class='ocrx_word' id='word_1_266' title='bbox 141 2202 338 2245; x_wconf 88' lang='lat' dir='ltr'>redderemuspro</span> <span class='ocrx_word' id='word_1_267' title='bbox 356 2202 448 2240; x_wconf 84' lang='lat' dir='ltr'>victoria</span> <span class='ocrx_word' id='word_1_268' title='bbox 464 2204 598 2247; x_wconf 89' lang='lat' dir='ltr'>singularum</span> <span class='ocrx_word' id='word_1_269' title='bbox 615 2203 766 2241; x_wconf 76' lang='lat' dir='ltr'>tentationum.</span> <span class='ocrx_word' id='word_1_270' title='bbox 785 2205 871 2248; x_wconf 85' lang='lat' dir='ltr'>Quarto,</span> 
     </span>
    </p>
   </div>
   <div class='ocr_carea' id='block_1_5' title="bbox 44 2273 871 2461">
    <p class='ocr_par' dir='ltr' id='par_1_5' title="bbox 44 2273 871 2461">
     <span class='ocr_line' id='line_1_31' title="bbox 45 2273 871 2319; baseline 0.002 -9"><span class='ocrx_word' id='word_1_271' title='bbox 45 2273 95 2316; x_wconf 86' lang='lat' dir='ltr'>quia</span> <span class='ocrx_word' id='word_1_272' title='bbox 110 2274 153 2310; x_wconf 91' lang='lat' dir='ltr'>nisi</span> <span class='ocrx_word' id='word_1_273' title='bbox 168 2278 224 2311; x_wconf 87' lang='lat' dir='ltr'>esset</span> <span class='ocrx_word' id='word_1_274' title='bbox 237 2274 292 2311; x_wconf 88' lang='lat' dir='ltr'>haec</span> <span class='ocrx_word' id='word_1_275' title='bbox 305 2275 374 2318; x_wconf 83' lang='lat' dir='ltr'>gratia</span> <span class='ocrx_word' id='word_1_276' title='bbox 388 2286 428 2317; x_wconf 91' lang='lat' dir='ltr'>per</span> <span class='ocrx_word' id='word_1_277' title='bbox 443 2274 558 2317; x_wconf 87' lang='lat' dir='ltr'>Christum,</span> <span class='ocrx_word' id='word_1_278' title='bbox 573 2286 616 2312; x_wconf 92' lang='lat' dir='ltr'>non</span> <span class='ocrx_word' id='word_1_279' title='bbox 634 2275 755 2312; x_wconf 88' lang='lat' dir='ltr'>diceremus</span> <span class='ocrx_word' id='word_1_280' title='bbox 771 2287 871 2319; x_wconf 88' lang='lat' dir='ltr'>peream</span> 
     </span>
     <span class='ocr_line' id='line_1_32' title="bbox 44 2344 871 2390; baseline 0.005 -10"><span class='ocrx_word' id='word_1_281' title='bbox 44 2344 134 2381; x_wconf 90' lang='lat' dir='ltr'>liberari</span> <span class='ocrx_word' id='word_1_282' title='bbox 147 2345 172 2382; x_wconf 92' lang='lat' dir='ltr'>de</span> <span class='ocrx_word' id='word_1_283' title='bbox 183 2348 288 2389; x_wconf 87' lang='lat' dir='ltr'>potestate</span> <span class='ocrx_word' id='word_1_284' title='bbox 301 2346 388 2389; x_wconf 86' lang='lat' dir='ltr'>diaboli,</span> <span class='ocrx_word' id='word_1_285' title='bbox 401 2347 436 2383; x_wconf 91' lang='lat' dir='ltr'>cui</span> <span class='ocrx_word' id='word_1_286' title='bbox 447 2357 486 2390; x_wconf 93' lang='lat' dir='ltr'>per</span> <span class='ocrx_word' id='word_1_287' title='bbox 497 2349 610 2390; x_wconf 89' lang='lat' dir='ltr'>peccatum</span> <span class='ocrx_word' id='word_1_288' title='bbox 621 2346 679 2384; x_wconf 90' lang='lat' dir='ltr'>Adae</span> <span class='ocrx_word' id='word_1_289' title='bbox 692 2347 767 2384; x_wconf 86' lang='lat' dir='ltr'>traditi</span> <span class='ocrx_word' id='word_1_290' title='bbox 780 2359 871 2389; x_wconf 83' lang='lat' dir='ltr'>eramus,</span> 
     </span>
     <span class='ocr_line' id='line_1_33' title="bbox 45 2416 567 2461; baseline 0.002 -9"><span class='ocrx_word' id='word_1_291' title='bbox 45 2418 67 2452; x_wconf 87' lang='lat' dir='ltr'>ut</span> <span class='ocrx_word' id='word_1_292' title='bbox 81 2417 149 2454; x_wconf 87' lang='lat' dir='ltr'>variis</span> <span class='ocrx_word' id='word_1_293' title='bbox 163 2416 319 2454; x_wconf 88' lang='lat' dir='ltr'>tentationibus</span> <span class='ocrx_word' id='word_1_294' title='bbox 334 2417 452 2461; x_wconf 81' lang='lat' dir='ltr'>exagitaret</span> <span class='ocrx_word' id='word_1_295' title='bbox 465 2421 567 2455; x_wconf 67' lang='lat' dir='ltr'>nos»145.</span> 
     </span>
    </p>
   </div>
   <div class='ocr_carea' id='block_1_6' title="bbox 90 2590 312 2629">
    <p class='ocr_par' dir='ltr' id='par_1_6' title="bbox 90 2590 312 2629">
     <span class='ocr_line' id='line_1_34' title="bbox 90 2590 312 2629; baseline 0.005 -7"><span class='ocrx_word' id='word_1_296' title='bbox 90 2592 119 2614; x_wconf 70' lang='lat'>144</span> <span class='ocrx_word' id='word_1_297' title='bbox 133 2590 178 2629; x_wconf 91' lang='lat' dir='ltr'>Cap.</span> <span class='ocrx_word' id='word_1_298' title='bbox 191 2590 220 2629; x_wconf 79' lang='lat'>17,</span> <span class='ocrx_word' id='word_1_299' title='bbox 231 2600 260 2623; x_wconf 88' lang='lat' dir='ltr'>nr.</span> <span class='ocrx_word' id='word_1_300' title='bbox 272 2591 312 2623; x_wconf 85' lang='lat'>151.</span> 
     </span>
    </p>
   </div>
   <div class='ocr_carea' id='block_1_7' title="bbox 47 2650 889 2748">
    <p class='ocr_par' dir='ltr' id='par_1_7' title="bbox 47 2650 889 2748">
     <span class='ocr_line' id='line_1_35' title="bbox 93 2650 889 2691; baseline 0.004 -9"><span class='ocrx_word' id='word_1_301' title='bbox 93 2653 120 2674; x_wconf 67' lang='lat'>145</span> <span class='ocrx_word' id='word_1_302' title='bbox 133 2650 220 2683; x_wconf 83' lang='lat' dir='ltr'>Eandem</span> <span class='ocrx_word' id='word_1_303' title='bbox 236 2651 346 2683; x_wconf 87' lang='lat' dir='ltr'>doctrinam</span> <span class='ocrx_word' id='word_1_304' title='bbox 362 2651 449 2690; x_wconf 89' lang='lat' dir='ltr'>applicat</span> <span class='ocrx_word' id='word_1_305' title='bbox 464 2651 514 2691; x_wconf 88' lang='lat' dir='ltr'>disp.</span> <span class='ocrx_word' id='word_1_306' title='bbox 528 2651 562 2684; x_wconf 79' lang='lat'>190</span> <span class='ocrx_word' id='word_1_307' title='bbox 577 2662 619 2691; x_wconf 82' lang='lat' dir='ltr'>cap.</span> <span class='ocrx_word' id='word_1_308' title='bbox 634 2652 656 2685; x_wconf 83' lang='lat'>12</span> <span class='ocrx_word' id='word_1_309' title='bbox 671 2653 695 2684; x_wconf 84' lang='lat' dir='ltr'>ad</span> <span class='ocrx_word' id='word_1_310' title='bbox 712 2655 777 2685; x_wconf 81' lang='lat' dir='ltr'>actum</span> <span class='ocrx_word' id='word_1_311' title='bbox 792 2653 873 2685; x_wconf 86' lang='lat' dir='ltr'>virtutis</span> <span class='ocrx_word' id='word_1_312' title='bbox 887 2674 889 2677; x_wconf 94' lang='lat'>-</span> 
     </span>
     <span class='ocr_line' id='line_1_36' title="bbox 47 2710 160 2748; baseline 0.035 -9"><span class='ocrx_word' id='word_1_313' title='bbox 47 2710 160 2748; x_wconf 86' lang='lat' dir='ltr'>acquisitae.</span> 
     </span>
    </p>
   </div>
   <div class='ocr_carea' id='block_1_8' title="bbox 0 0 986 3093">
    <p class='ocr_par' dir='ltr' id='par_1_8' title="bbox 0 0 986 3093">
     <span class='ocr_line' id='line_1_37' title="bbox 0 0 986 3093; baseline 0 0"><span class='ocrx_word' id='word_1_314' title='bbox 0 0 986 3093; x_wconf 95' lang='lat' dir='ltr'> </span> 
     </span>
    </p>
   </div>
  </div>
 </body>
</html>
