1952 3093
437 30 558 68 -136-

83 153 166 189 litatem
182 152 216 188 vel
233 152 341 196 damnum,
358 151 381 187 in
397 152 503 188 honorem
520 151 554 188 vel
568 151 759 188 inhonorationem
775 151 870 189 alterius
887 151 909 188 Si

85 225 143 262 eninr
155 225 209 261 haec
223 234 266 260 non
280 223 365 267 adsunt,
380 223 405 261 de
419 222 563 261 retributione
576 233 647 260 sermo
661 234 707 261 esse
721 233 765 260 non
778 226 855 267 potest.
868 223 909 260 Per

85 308 107 334 se
120 296 221 333 meritum
233 295 328 333 debono
342 298 363 333 et
375 296 400 332 de
414 295 470 333 malo
485 295 529 332 dici
540 297 612 339 potest
624 298 644 332 et
658 296 722 333 etiam
736 295 826 332 dicitur:
842 306 909 332 mere-

85 369 104 405 ri
119 367 246 412 praemium,
260 368 339 405 mereri
353 378 456 412 poenam3
470 367 508 405 sed
522 368 623 404 meritum
637 367 718 404 malum
732 367 806 404 vocari
821 378 910 404 consue·

85 440 116 477 vit
131 439 265 477 demeritum.
278 439 378 477 Meritum
392 449 442 483 ergo
455 439 542 484 bonum,
558 440 602 476 sive
616 440 716 476 meritum
731 440 777 476 sine
791 439 865 476 addito
879 443 910 476 est

85 522 139 556 opus
149 512 231 549 bonum
241 512 264 548 in
274 512 401 556 obsequium
415 511 544 555 (utilitatem,
554 511 667 554 honorem)
678 511 765 549 alterius
776 512 910 555 praestitum,

86 583 235 627 retributione,
253 584 350 627 praemio
370 583 464 627 dignum.

140 655 199 699 Opus
217 656 289 700 aliquo
306 655 404 699 praemio
424 655 512 699 dignum
532 666 577 693 esse
598 655 652 692 dicit
670 655 827 699 perfectionem
846 655 911 692 huius

86 727 165 771 operis,
182 738 224 771 qua
241 730 314 771 aptum
331 730 363 764 est
378 728 416 765 tali
431 727 584 772 retributione;
601 727 639 764 hic
653 728 715 765 valor
731 727 804 771 operis
821 730 911 764 vocatur

87 799 227 836 meritum
254 799 482 843 aptitudinale,
507 799 608 836 meritum
627 800 650 835 in
669 802 718 836 actu
737 799 816 842 primo.
834 798 866 835 Ex
886 809 911 836 eo

87 871 145 908 enim
158 871 210 914 solo,
221 871 280 915 quod
290 871 339 915 quis
351 882 405 914 opus
416 870 465 908 talis
476 871 556 908 valoris
566 871 646 915 posuit,
656 882 696 914 per
707 882 728 908 se
740 871 837 908 nondum
847 870 912 908 habet

88 946 137 979 actu
153 942 255 980 meritum
271 943 330 986 apud
345 943 445 987 alterum;
463 943 501 980 sed
519 943 565 980 eius
582 943 702 986 acceptatio
721 943 824 980 accedere
843 942 911 987 debet,

87 1017 110 1051 ut
123 1014 224 1052 meritum
237 1014 380 1058 aptitudinale
395 1015 471 1052 evadat
485 1015 585 1052 meritum
599 1015 622 1052 in
636 1017 684 1051 actu
699 1014 801 1052 secundo.
815 1013 871 1058 Ergo
884 1014 912 1051 ad

89 1086 190 1123 meritum
210 1086 300 1123 formale
320 1086 342 1122 in
361 1089 410 1123 actu
430 1087 525 1123 secundo
545 1087 663 1130 requiritur
682 1090 702 1123 et
721 1086 783 1124 valor
800 1086 873 1130 operis
893 1090 913 1123 et

88 1159 208 1201 acceptatio
223 1158 275 1195 eius.
289 1158 347 1195 Haec
360 1158 480 1201 acceptatio
493 1161 563 1201 potest
577 1158 648 1201 ipsum
661 1169 715 1201 opus
730 1158 864 1200 antecedere,
878 1158 912 1194 vel

89 1240 143 1272 opus
155 1229 276 1273 perfectum
291 1230 358 1274 sequi.

142 1300 184 1338 Pro
204 1301 265 1338 varia
284 1301 426 1345 proportione
447 1301 504 1338 inter
523 1312 578 1345 opus
598 1301 733 1339 meritorium
753 1305 773 1338 et
793 1302 913 1345 praemium

89 1373 230 1416 distinguitur
246 1372 347 1410 meritum
371 1373 404 1410 de
428 1373 520 1409 condi
528 1383 583 1417 gno
607 1376 627 1410 et
649 1373 749 1409 meritum
780 1374 813 1410 de
843 1383 917 1410 con-¹

89 1455 175 1488 gruo.
197 1456 207 1479 «
215 1444 302 1481 Dicitur
315 1448 385 1481 autem
399 1445 477 1498 aliquis
491 1446 570 1481 mereri
585 1456 610 1481 ex
623 1445 739 1488 condigno,
753 1445 841 1489 quando
855 1445 913 1481 inve·

90 1516 150 1553 nitur
164 1516 281 1561 aequalitas
295 1516 352 1553 inter
366 1517 487 1560 praemium
501 1519 521 1553 et
536 1517 636 1553 meritum
651 1517 770 1554 secundum
785 1519 866 1553 rectam
881 1527 914 1553 ae-

90 1587 245 1632 stimationem;
258 1599 284 1624 ex
296 1598 391 1631 congruo
403 1591 472 1625 autem
483 1583 572 1635 tantum,
583 1588 669 1632 quando
681 1588 730 1625 talis
741 1589 858 1632 aequalitas
870 1598 913 1625 non

90 1659 206 1704 invenitur,
222 1660 261 1696 sed
276 1660 344 1697 solum
358 1660 477 1697 secundum
492 1659 644 1697 liberalitatem
660 1660 731 1696 dantis
746 1670 823 1696 munus
839 1659 914 1697 tribui-

90 1715 200 1775 tur-quod
217 1734 300 1768 tantum
319 1731 399 1768 decet»
408 1735 422 1767 ².
439 1731 526 1768 Dicitur
543 1731 679 1775 «aequalitas
697 1731 815 1768 secundum
833 1734 914 1768 rectam

91 1803 289 1847 aestimationem»,
303 1803 327 1840 id
343 1806 433 1840 estnon
449 1803 567 1847 requiritur
583 1804 700 1847 aequalitas
715 1803 857 1847 quantitative
875 1804 914 1845 (uti

90 1886 108 1911 e.
119 1884 137 1918 g.
148 1875 171 1911 in
183 1875 293 1918 emptione
304 1879 325 1912 et
335 1874 462 1912 venditione
473 1885 544 1911 rerum
557 1885 620 1918 saepe
630 1875 736 1918 habetur),
749 1875 786 1912 sed
797 1879 821 1912 ut
832 1874 914 1912 ibidem

91 1947 180 1989 exponit
194 1958 210 1983 s.
225 1947 319 1983 Thomas
335 1946 452 1990 aequalitas
468 1947 616 1989 proportionis
625 1950 639 1983 ³.
654 1947 678 1982 In
695 1947 772 1984 merito
787 1947 845 1984 enim
860 1946 914 1983 ratio

140 2149 149 2169 2
163 2145 180 2177 S.
194 2145 286 2183 Thomas,
302 2145 323 2176 in
337 2145 353 2183 2,
368 2145 413 2176 dist.
428 2144 457 2182 27,
471 2154 489 2183 q.
505 2145 521 2182 1,
537 2154 553 2176 a.
569 2144 585 2177 3.

139 2205 213 2237 ³«Est
232 2205 285 2236 enim
305 2205 377 2243 duplex
397 2204 513 2243 aequalitas,
534 2204 608 2237 scilicet
628 2203 747 2244 quantitatis
766 2207 785 2236 et
805 2204 916 2243 aequalitas

91 2265 232 2305 proportionis.
250 2265 360 2298 Secundum
379 2264 499 2304 quantitatis
520 2264 661 2303 aequalitatem
679 2273 703 2297 ex
723 2264 799 2297 actibus
818 2264 916 2297 virtutum

91 2325 154 2358 vitam
172 2327 271 2357 aeternam
289 2334 312 2356 er
329 2325 426 2363 condigno
444 2334 483 2356 non
501 2334 604 2364 meremur,
620 2334 660 2357 non
678 2324 731 2357 enim
747 2327 825 2357 tantum
842 2324 916 2357 bonum

92 2388 121 2417 est
138 2386 158 2416 in
176 2386 288 2423 quantitate
306 2388 360 2417 aetus
375 2385 463 2423 virtutis,
479 2387 577 2423 quantum
593 2385 704 2424 praemium
721 2384 800 2424 gloriae,
818 2385 871 2424 quod
887 2387 916 2417 est

92 2446 137 2478 finis
153 2446 201 2478 eius.
218 2446 327 2478 Secundum
342 2447 408 2478 autem
424 2445 566 2483 aequalitatem
580 2445 715 2484 proportionis
730 2455 753 2477 ex
767 2438 863 2483 condigno
878 2455 918 2477 me-

93 2514 159 2537 remur
171 2507 233 2537 vitam
247 2507 352 2537 aeternam.
366 2505 479 2537 Attenditur
493 2505 546 2537 enim
560 2505 670 2545 aequalitas
684 2505 824 2544 proportionis,
839 2505 917 2545 quando

94 2566 204 2604 acqualiter
220 2575 240 2598 se
257 2566 317 2598 habet
333 2566 370 2598 hoc
388 2566 412 2597 ad
428 2566 485 2603 illud,
501 2565 552 2598 sicut
571 2565 625 2598 aliud
643 2566 667 2598 ad
686 2565 776 2598 alterurn.
792 2565 835 2598 Non
852 2568 918 2598 autem

93 2627 158 2658 maius
172 2630 200 2658 est
214 2626 253 2658 Deo
268 2627 331 2658 vitam
345 2628 445 2658 aeternam
459 2625 546 2658 tribuere
561 2635 621 2665 quarn
635 2625 693 2658 nobis
709 2628 774 2658 actum
788 2626 869 2658 virtutis
885 2635 918 2658 cx-

94 2686 170 2723 hiberc;
185 2687 218 2717 scd
231 2686 281 2718 sicut
294 2686 330 2718 hoc
343 2686 433 2724 congruit
445 2687 497 2724 huic,
511 2686 540 2718 ita
553 2686 604 2718 illud
619 2685 659 2724 illi;
673 2688 692 2717 et
706 2685 749 2718 ideo
764 2687 860 2724 quaedam
874 2696 918 2724 pro-
