1952 3093
432 104 460 110 -
470 81 512 120 -3'13
525 104 553 110 —

76 216 111 242 sus
121 214 164 241 non
175 203 203 240 sit
214 205 294 240 mutata
305 213 374 246 neque
386 202 451 239 ullam
463 201 587 246 qualitatem
599 212 677 240 novam
690 199 837 245 acquisiverit.
848 199 901 237 Nam

76 275 182 320 nitidquid
197 274 314 312 efficienter
326 277 397 318 potest
410 273 502 318 qualitas
515 277 585 311 creata
600 285 648 311 cum
663 274 764 310 facultate
778 272 901 314 coniuncta,
943 292 946 295 ,

77 349 117 386 hoc
131 350 202 391 potest
214 346 373 390 omnipotentia
387 345 462 383 divina
470 357 497 383 se
510 346 580 389 ipsam
595 346 720 383 immediate
736 356 784 382 cum
799 345 902 382 facultate
947 334 951 340 ⁴

37 450 39 454 .
77 419 217 463 coniungens.
230 419 293 456 Unde
309 418 443 462 intelligitur,
460 426 499 455 cur
514 418 568 454 haec
583 418 673 455 elevatio
691 418 776 455 dicatur
792 419 901 454 externa...

77 492 131 536 arao
140 492 159 529 si
167 492 288 536 quaeritur:
299 490 364 528 Estne
373 491 426 528 haec
438 491 562 528 coniunctio
574 491 744 534 omnipotentiae
755 490 842 527 divinae
853 500 902 526 cum

78 564 178 602 facultate
194 563 290 600 hominis
303 563 397 611 *elevatio
414 563 523 600 facultatis
540 563 562 598 in
579 566 627 599 actu
643 562 728 605 primo?
744 564 899 606 respondetur:

77 636 113 673 Est
126 646 176 673 vera
190 638 210 672 et
225 636 289 672 realis
304 635 395 673 elevatio
409 635 517 672 facultatis
531 635 554 671 in
570 638 618 672 actu
633 635 710 678 primo,
725 645 768 671 non
783 637 856 671 tamen
870 634 902 669 in-

78 712 144 750 terna,
159 707 197 745 sed
212 710 307 744 externa.
321 706 369 744 Non
385 710 417 744 est
432 707 524 749 interna,
540 707 591 750 quia
606 707 696 744 facultas
711 706 843 743 intrinsecus
858 715 902 742 non

78 782 178 817 mutatur.
192 779 230 816 Est
245 782 316 816 tamen
330 789 381 816 vera
397 782 417 817 et
431 779 496 816 realis
511 779 601 816 elevatio
616 781 704 816 externa
720 778 835 822 facultatis,
851 780 901 821 quia

78 852 176 894 facultas,
191 852 226 887 cui
239 851 277 887 tali
291 851 356 888 modo
372 851 489 888 coniuncta
504 854 535 888 est
549 850 706 894 omnipotentia
721 850 867 893 divinarem
883 852 903 886 et

79 923 165 960 realiter
181 922 263 967 aliquid
279 925 356 966 potest,
373 923 400 960 ad
415 923 475 966 quod
490 934 516 960 ex
532 934 553 959 se
571 923 615 959 sola
632 926 652 959 et
667 934 716 959 cum
733 923 778 959 solo
795 932 902 959 concursu

78 995 170 1032 naturali
188 1005 277 1037 prorsus
294 997 371 1037 potens
389 1005 432 1032 non
451 998 489 1031 est.
507 994 564 1031 Haec
581 995 668 1038 passiva
685 994 775 1031 elevatio
793 994 902 1031 facultatis

77 1070 161 1104 creatae
175 1068 197 1103 in
212 1069 261 1103 actu
274 1066 346 1110 primo
359 1069 390 1104 est
404 1067 449 1104 eius
463 1067 560 1110 potentia
574 1066 750 1111 oboedientialis;
764 1077 814 1103 nam
827 1068 902 1109 poten-

78 1139 108 1176 tia
122 1134 288 1176 obaedienti-alis
300 1148 343 1176 non
358 1142 390 1176 est
403 1138 524 1176 absolutum
538 1139 592 1183 quid
604 1138 627 1175 in
642 1142 746 1182 creatura,
759 1139 798 1175 sed
810 1138 903 1174 includit

79 1213 200 1253 respectum
213 1210 240 1247 ad
253 1210 322 1247 Deum
336 1211 444 1248 volentem
459 1211 490 1247 uti
505 1213 603 1247 creatura
617 1213 640 1247 ut
654 1211 798 1247 instrumento
813 1210 840 1246 ad
855 1220 903 1252 pro-

79 1282 202 1319 ducendum
220 1282 321 1319 effectum
340 1283 396 1319 ultra
414 1283 533 1326 potentiam
553 1283 672 1319 naturalem
692 1285 810 1319 creaturae.
829 1282 903 1326 Itaque
952 1273 954 1275 ¹

79 1354 169 1391 elevatio
184 1354 293 1392 facultatis
306 1355 329 1391 in
346 1357 394 1392 actu
409 1354 480 1398 primo
497 1358 528 1392 est
543 1356 591 1397 ipsa
605 1354 659 1391 haec
674 1355 765 1391 facultas
782 1354 903 1396 respiciens

79 1427 145 1463 lleum
155 1428 254 1469 paratum
266 1426 294 1463 ad
306 1427 479 1464 concurrendum
491 1426 703 1471 supernaturaliter...

131 1497 188 1541 Ergo
202 1498 266 1535 unica
283 1508 347 1535 causa
363 1498 489 1536 elevationis
506 1510 542 1536 seu
557 1499 666 1541 potentiae
681 1498 779 1541 ponendi
795 1500 855 1535 actus
871 1509 903 1535 su·

80 1570 228 1612 pernaturales
242 1573 275 1606 est
292 1570 358 1615 Deus;
377 1570 415 1607 sed
433 1573 493 1608 aetus
510 1571 684 1613 supernaturales
701 1572 813 1613 ponuntur
829 1580 873 1607 non
892 1581 904 1606 3

80 1641 125 1678 solo
136 1642 181 1678 Deo
193 1652 263 1685 neque
273 1652 285 1678 a
296 1642 341 1679 solo
353 1642 441 1679 homine
454 1643 492 1679 sed
503 1642 529 1679 ab
541 1645 638 1685 utroque.
651 1642 701 1679 Sine
714 1642 824 1679 activitate
835 1642 904 1678 homi·

79 1713 113 1749 nis
126 1715 186 1750 actus
199 1723 243 1751 non
258 1717 313 1750 esset
327 1713 406 1757 vitalis,
420 1714 467 1751 sine
482 1714 572 1757 speciali
586 1714 681 1751 motione
697 1713 772 1760 divina
782 1716 845 1751 actus
859 1724 903 1750 non

80 1787 135 1821 esset
151 1785 342 1828 supernaturalis...
359 1785 428 1822 Homo
443 1789 477 1823 est
493 1796 557 1822 causa
575 1785 716 1823 subordinata
734 1786 856 1823 causalitati
874 1786 904 1822 di-

80 1856 149 1893 vinae.
166 1856 314 1894 Nihilominus
332 1857 416 1894 ratione
436 1858 547 1894 vitalitatis
566 1860 597 1895 est
615 1869 679 1895 causa
698 1857 835 1901 principalis,
853 1857 905 1894 licet

80 1928 119 1965 sub
133 1929 184 1971 Deo,
198 1928 281 1966 ratione
295 1939 346 1966 vero
361 1929 571 1972 supernaturalitatis
585 1940 629 1967 000
644 1933 675 1966 est
690 1929 733 1966 nisi
748 1940 812 1967 causa
826 1930 905 1966 instru-

79 1999 199 2037 mentalis...
210 1999 252 2038 Sed
262 1987 314 2044 ouia
325 2003 382 2037 totus
395 2004 455 2038 actus
467 2005 529 2039 estet
541 2001 613 2039 vitalis
624 2004 646 2039 et
658 2001 835 2044 supernaturalis,
847 2004 904 2038 tofus

80 2074 144 2109 estet
158 2071 184 2109 ab
198 2071 287 2110 homine
301 2075 322 2110 et
335 2083 346 2109 3
360 2073 405 2110 Deo
421 2073 614 2116 supernaturaliter
629 2076 792 2111 concurrente...
808 2073 860 2110 Sunt
875 2076 904 2110 ta-

80 2154 128 2180 men
141 2147 161 2181 et
172 2144 229 2181 Deus
242 2147 262 2181 et
273 2144 338 2181 homo
352 2156 416 2182 causa
427 2146 526 2189 partialis
538 2146 670 2189 partialitate
681 2156 764 2188 causae,
775 2156 824 2183 cum
837 2157 906 2190 neque

80 2214 136 2252 Deus
149 2226 218 2260 neque
231 2216 296 2253 homo
309 2227 406 2253 seorsum
418 2221 489 2254 actum
502 2218 623 2260 producere
636 2217 727 2261 possint.
741 2218 806 2254 Recte
820 2229 905 2262 quoquc

81 2286 137 2324 Deus
152 2287 233 2324 dicitur
244 2287 335 2325 influere
349 2299 392 2325 non
408 2289 429 2324 in
444 2289 513 2326 solum
527 2292 597 2326 actum
613 2289 732 2326 secundum
745 2289 783 2326 sed
798 2290 821 2325 in
836 2290 905 2332 ipsam

81 2368 165 2403 quoque
178 2370 264 2396 causam
278 2362 378 2403 creatam,
392 2360 443 2404 quia
455 2371 501 2397 eam
515 2361 557 2398 sibi
570 2361 689 2398 subiectam
703 2365 778 2398 tenens
792 2364 815 2397 ut
827 2362 906 2397 instru-

81 2434 176 2467 mentum
192 2434 264 2469 movet
279 2431 307 2469 ad
323 2435 393 2468 actum
411 2433 596 2475 supernaturalem
605 2445 615 2469 »
623 2436 648 2468 es,

135 2502 195 2540 Sicut
209 2502 323 2541 difficultas
338 2503 420 2547 prioris
435 2505 553 2541 sententiae
569 2508 600 2542 est
616 2506 639 2541 in
656 2506 802 2548 explicatione
817 2509 906 2542 naturae

81 2572 143 2611 istius
154 2575 211 2612 entis
224 2575 291 2612 creati
302 2575 395 2618 fluentis,
409 2576 438 2613 ita
452 2576 566 2613 difficultas
578 2577 642 2613 huius
655 2578 773 2614 sententiae
786 2577 853 2614 estin
867 2578 906 2614 ele-

81 2668 223 2676 ·——-—.
262 2667 264 2670 ⁴

129 2738 146 2761 *18
160 2736 303 2770 praelectiones
320 2738 441 2776 dogmaticae
457 2739 473 2777 ὁ,
488 2739 507 2771 61
526 2749 540 2771 s.
