1952 3093
454 63 559 103 -337-

78 185 210 231 positionem
226 187 292 229 actus,
307 184 353 221 sive
368 193 423 229 quae
438 183 461 220 in
475 186 526 221 actu
540 183 612 228 primo
628 182 775 221 infallibiliter
791 193 841 220 cum
857 184 907 220 actu

80 256 169 296 salutari
182 257 299 294 coniuncta
311 259 349 294 est.
360 255 452 293 Exsistit
463 266 531 294 nexus
542 255 666 293 infallibilis
678 256 736 293 inter
747 256 805 293 banc
816 255 908 299 gratiam

79 333 100 369 et
117 332 189 368 actum
207 329 303 367 futurum
321 329 437 366 salutarem
453 328 490 375 ita,
506 331 530 366 nt
547 328 597 365 data
613 328 655 366 hac
672 328 742 372 gratia
759 327 907 365 infallibiliter

79 405 140 441 actus
152 402 253 440 salutaris
267 404 374 446 sequatur.
386 400 512 444 Intallibilis
524 400 561 439 hic
575 410 643 439 nexus
655 400 695 438 suh
709 400 792 445 triplici
806 403 907 444 respectu

79 474 240 513 consideratur:
256 474 275 516 α)
289 473 407 512 obieetive:
421 473 530 511 obiective
543 484 618 511 verum
630 477 668 518 est,
681 474 739 511 hanc
751 474 844 518 gratiam
857 484 906 517 pro-

80 548 193 586 ducturam
207 558 253 584 esse
266 546 325 584 hune
336 548 410 583 actum
422 547 547 591 salutarem;
561 546 582 588 b)
597 546 755 589 cognoscitive:
771 546 829 583 Dens
843 545 907 581 intal-

81 619 172 657 libiliter
187 620 235 663 soit,
252 619 309 656 hanc
326 619 418 663 gratiam
435 619 591 663 producturam
607 629 654 656 esse
671 619 728 656 hunc
746 622 817 655 actum
833 618 910 654 saluta-

79 702 134 737 rem;
147 691 166 733 c)
179 690 290 729 affective:
303 691 361 728 Deus
372 691 418 728 vult
428 690 485 728 hanc
495 691 587 734 gratiam
599 691 656 734 dare,
668 701 722 734 quae
733 690 792 727 hunc
805 689 907 727 effectum

80 763 195 802 salutarem
209 762 305 801 habebit.

132 841 194 879 Patet
204 841 274 878 maius
285 841 416 878 beneficium
426 852 479 885 esse,
492 842 511 878 si
524 841 581 878 Deus
595 841 680 878 confert
692 841 790 885 gratiam,
804 851 852 878 eum
865 852 907 884 qua

80 913 122 951 scit
131 913 243 950 hominem
255 916 421 957 cooperaturum
434 924 486 958 esse,
498 923 563 958 quam
576 914 595 950 si
608 913 643 951 dat
654 913 745 957 gratiam
757 923 807 950 vere
819 912 907 957 quidem

80 984 228 1029 sufficientem,
241 996 290 1022 eum
302 996 344 1030 qua
356 988 428 1023 tamen
440 985 481 1022 scit
492 986 603 1022 hominem
617 996 660 1022 non
674 995 720 1023 esse
733 988 906 1027 cooperaturum,

82 1068 136 1102 quae
149 1067 199 1102 ergo
212 1061 245 1095 est
257 1069 315 1095 mere
328 1057 443 1096 sufficiens.

134 1129 258 1168 Notandum
274 1133 307 1169 est
322 1129 379 1167 hanc
395 1141 480 1175 quoque
496 1135 580 1174 partem
596 1131 664 1168 thesis
678 1131 738 1175 ioqui
756 1131 782 1168 de
798 1131 908 1175 praesenti

83 1202 167 1246 ordine,
182 1202 207 1240 id
221 1205 254 1241 est
268 1203 295 1240 de
311 1205 367 1240 statu
382 1205 471 1241 naturae
488 1203 567 1247 lapsae,
583 1212 633 1247 ergo
650 1207 700 1248 post
715 1205 828 1247 peceatum
844 1202 909 1239 Adae.

84 1274 103 1313 S.
117 1274 248 1318 Augustinus
262 1275 349 1312 videtur
364 1275 470 1319 docuisse,
486 1280 507 1313 et
522 1286 571 1313 enm
586 1276 624 1313 illo
639 1275 728 1320 quidam
744 1275 845 1319 theologi,
860 1278 910 1312 ante

82 1350 195 1390 peceatum
209 1348 262 1385 tales
276 1347 356 1392 gratias
369 1358 413 1385 non
428 1348 504 1393 tuisse3
518 1348 541 1385 iu
554 1349 611 1385 hane
624 1348 772 1392 quaestionem
787 1357 830 1385 non
846 1348 911 1384 intra-

84 1430 137 1465 mus,
152 1431 201 1457 cum
214 1422 318 1457 tractatus
331 1423 405 1458 noster
417 1420 445 1457 sit
458 1420 484 1457 de
498 1421 567 1464 gratia
579 1420 737 1464 Redemptoris¹

136 1491 262 1529 Adversarii
275 1491 341 1530 huius
353 1492 422 1536 partis
436 1492 503 1530 thesis
516 1496 566 1530 sunt
579 1495 665 1536 praeter
677 1493 803 1536 pelagianos
817 1493 910 1530 maxime

84 1563 254 1609 semipelagiani,
266 1564 304 1609 qni
315 1564 422 1602 rationem
435 1564 537 1609 specialis
550 1564 650 1602 beneficii
664 1565 686 1601 in
701 1564 782 1602 efficaci
796 1564 910 1602 vocatione

82 1638 101 1672 et
116 1636 173 1674 dono
187 1637 361 1680 perseverantiae
375 1640 514 1681 negaverunt.

137 1709 241 1746 Statuitur
256 1709 309 1746 haee
326 1720 376 1753 pars
393 1713 415 1747 ut
429 1705 550 1753 theologice
566 1714 630 1747 certa.

135 1780 197 1824 Quod
217 1781 246 1819 ad
265 1781 472 1825 argumentationem
491 1793 531 1826 pro
550 1782 592 1819 hae.
611 1787 673 1826 parte
692 1784 769 1821 attinet
788 1786 907 1823 notandum

84 1856 121 1896 est,
132 1853 210 1891 thesim
222 1865 268 1891 esse
279 1853 398 1899 probatam,
410 1854 428 1891 si
440 1854 562 1905 ostenditur
572 1854 653 1893 honum
664 1858 735 1893 aetum
746 1856 837 1900 speciali
846 1857 911 1894 modo

82 1934 127 1962 esse
139 1924 269 1963 beneficium
280 1925 326 1970 Dei,
339 1936 385 1964 esse
396 1936 451 1970 opus
462 1926 510 1972 Dei3
524 1937 573 1963 nam
585 1927 603 1964 si
616 1928 699 1965 ratione
710 1928 811 1965 beneficii
823 1929 846 1966 in
859 1933 907 1967 actu

83 1996 154 2040 primo
168 1997 228 2037 nulla
242 1997 366 2036 differentia
381 2002 437 2036 esset
451 1998 509 2036 inter
523 1998 613 2042 gratiam
628 2010 678 2037 vere
694 2003 715 2038 et
729 2011 787 2038 mere
803 2000 909 2039 sufficien-

83 2071 125 2106 tem
139 2072 161 2107 et
175 2070 267 2114 gratiam
281 2069 398 2115 efficacem,
411 2081 455 2108 non
472 2070 515 2108 iam
531 2075 621 2115 apparet
637 2082 676 2109 eur
690 2075 752 2111 actus
767 2073 837 2110 bonus
854 2074 908 2111 salu-

82 2141 135 2178 taris
148 2141 239 2185 speciali
253 2142 318 2180 modo
332 2142 377 2180 Deo
392 2142 506 2181 tribuatur.
521 2142 542 2180 Si
559 2147 629 2181 autem
644 2144 728 2182 ratione
743 2145 844 2182 beneficii
858 2146 908 2183 talis

84 2210 207 2251 differentia
221 2215 243 2251 in
259 2217 307 2251 actu
321 2214 392 2257 primo
405 2214 496 2259 exsistit,
510 2214 538 2252 ob
552 2226 616 2260 quam
627 2219 689 2253 aetus
703 2202 803 2255 salutaris
818 2218 907 2261 speciali

84 2285 148 2323 modo
160 2285 205 2324 Deo
219 2286 347 2324 tribuendus
360 2290 397 2331 est,
410 2297 435 2325 ea
448 2287 517 2324 solum
529 2298 575 2325 esse
589 2291 665 2332 potest.
680 2289 738 2333 qnod
752 2291 820 2333 gratia
834 2290 908 2327 efficax

83 2355 229 2395 infallibiliter
245 2369 294 2394 eum
311 2362 359 2395 actu
376 2359 463 2396 salutari
480 2359 596 2397 coniuncta
612 2363 649 2397 est.

132 2862 225 2898 hasnam.
237 2882 261 2887 —-
274 2865 301 2897 De
314 2864 381 2898 Gratia
395 2865 537 2904 Redemptorie.
