1952 3093
382 70 537 114 ,-371--

58 184 131 223 Primo,
146 186 244 223 quatenus
257 184 356 216 consentit
370 184 391 216 in
405 185 476 216 noxias
491 184 594 223 passiones
607 183 699 215 odiorum
714 186 733 215 et
748 181 879 221 cupiditatum

59 243 132 286 quibus
145 247 265 284 excaecatur,
280 253 352 283 easque
365 245 386 290 in
401 254 421 277 se
436 243 495 277 fovet.
511 244 605 282 Secundo,
620 245 717 282 quatenus
732 242 758 276 ob
772 242 836 275 levem
851 241 878 275 ali

58 313 119 345 quam
135 305 270 337 ratiunculam
284 304 328 338 vult
344 304 472 343 pertinaciter
489 304 591 337 inhaerere
609 304 729 343 anticipatae
746 302 886 343 apprehensio-

59 366 86 406 ni,
100 368 119 399 et
132 375 156 399 ea
168 375 219 406 quae
231 365 263 398 illi
276 358 406 398 adversantur
418 368 496 398 recusat
508 365 632 398 considerare
644 367 663 397 et
676 367 776 397 excutere:
792 364 888 397 nimirum

59 427 88 460 sic
100 436 121 460 se
133 428 204 466 sponte
216 428 306 459 avertens
320 436 331 459 a
343 425 386 458 luce
398 426 489 458 veritatis
501 429 520 458 et
532 426 606 464 eligens
618 424 715 459 tenebras.
726 425 769 458 Etsi
781 425 834 457 enim
846 424 888 457 dia-

59 487 117 521 bolus
129 494 222 526 magnam
232 486 254 518 in
265 485 393 525 phantasiam
405 496 478 525 eorum,
489 487 523 525 qui
534 489 669 525 excaecantur,
679 488 799 525 potestatem
809 485 888 524 babeat,

60 557 99 580 non
113 550 180 581 tamen
195 556 239 580 cam
253 546 282 580 ita
295 546 399 586 perturbat
413 547 462 585 (Deo
476 547 497 579 id
509 547 592 579 minime
604 547 746 586 permittente),
760 550 782 579 ut
795 555 843 579 usus
859 556 888 578 ra-

61 609 122 641 tionis
137 608 217 647 penitus
233 608 359 647 impediatur,
376 608 417 639 sive
433 610 455 640 ut
471 617 511 639 non
527 607 604 646 possint
620 608 720 639 advertere
736 616 756 640 se
770 616 841 646 parum
858 615 889 639 so—

61 669 100 701 lide
114 668 227 708 procedere:
244 660 383 707 alioquin'nec
397 668 418 700 in
430 668 474 706 ipsa
488 668 624 700 excaecatione
637 677 700 707 neque
712 668 733 700 in
747 667 778 707 iis,
791 677 841 707 quae
856 676 889 706 pcr

61 729 134 762 mentis
152 730 267 762 caecitatem
286 729 369 767 faciunt,
386 731 494 767 peccarent,
513 729 565 767 quod
583 728 689 767 Scripturis
708 728 814 760 manifeste
832 737 889 767 repu—

62 793 118 829 snat,
137 790 171 822 sed
188 792 270 823 eatenus
288 791 399 839 dumtaxat,
417 791 439 821 ut
456 798 496 822 non
515 789 557 821 sinc
575 796 647 827 magna
663 788 786 821 difficultate
803 790 854 821 recte
871 791 889 820 et

61 851 168 895 prudenter
181 851 202 882 in
217 859 239 883 eo
253 849 338 889 negotio,
353 851 374 881 in
390 859 429 888 quo
444 849 542 882 excaecati
558 849 656 888 dicuntur,
672 849 755 882 rationis
770 848 846 881 lumine
860 849 889 881 uti

62 911 145 950 possint.
160 910 229 950 ltaque
241 919 349 943 consensus
364 910 385 942 in
400 918 485 942 errorem
499 914 518 943 ct
531 910 623 948 pertinax
637 909 729 943 adhaesio
742 912 774 950 est
788 908 852 943 adbuc
866 910 891 941 li-

61 971 117 1010 bera;
132 970 226 1003 similiter
240 971 316 1003 aversio
331 970 392 1003 animi
407 969 588 1003 aconsideratione
603 973 622 1002 et
636 970 727 1002 examine
742 969 832 1003 veritatis
847 978 889 1003 orn—

63 1033 111 1065 nino
125 1031 188 1064 libera
200 1035 308 1071 permanet.

110 1093 139 1125 Ex
149 1092 180 1125 his
192 1092 318 1132 perspicuum
330 1096 360 1124 est
370 1093 429 1124 aliter
440 1093 508 1131 Deum,
521 1092 580 1124 aliter
591 1091 699 1131 diabolum,
709 1092 769 1124 'aliter
780 1092 846 1131 ipsum
856 1093 891 1124 ho-

63 1154 137 1185 minem
152 1153 295 1185 excaecationis
310 1153 348 1184 dici
364 1162 450 1185 causam.
465 1152 516 1185 Deus
531 1152 584 1184 enim
598 1153 663 1185 solum
678 1155 707 1185 est
722 1162 781 1185 causa
795 1152 891 1191 negative,

62 1212 184 1253 permissive,
199 1216 218 1245 et
232 1222 267 1252 per
281 1212 410 1245 occasionem.
426 1212 524 1252 Negativa
540 1216 638 1252 quatenus
653 1215 734 1252 propter
748 1215 829 1251 peecata
844 1212 890 1246 sub-

64 1273 126 1307 trabit
142 1283 176 1307 seu
191 1283 231 1306 non
247 1274 336 1312 impertit
349 1275 428 1306 interna
443 1274 474 1306 vel
489 1276 571 1305 externa
585 1273 667 1311 auxilia,
683 1273 755 1312 quibus
770 1273 830 1307 homo
846 1273 892 1306 illn-

64 1335 191 1367 minaretur...
209 1334 332 1373 Permissive,
350 1337 448 1373 quatenus
466 1334 564 1373 permittit
584 1333 669 1374 diaholo,
688 1338 710 1367 ut
727 1343 762 1373 per
779 1344 800 1367 se
818 1343 893 1374 suaque

65 1394 153 1427 membra
167 1395 257 1427 homines
274 1394 364 1434 decipiat,
380 1403 487 1434 corumque
501 1397 577 1427 mentes
593 1397 698 1432 pervertat.
713 1394 749 1433 Per
764 1395 893 1433 occasionem.

65 1458 163 1495 quatenus
177 1454 262 1494 positive
276 1455 308 1487 vel
320 1455 436 1494 permissive
451 1459 481 1488 est
495 1465 555 1488 causa
569 1455 681 1495 aliquarum
696 1464 768 1495 rerum,
782 1464 806 1487 ex
821 1455 893 1495 quibus

65 1517 156 1548 immines
175 1516 297 1548 occasionem
317 1515 417 1554 accipiunt
435 1515 514 1548 errandi
533 1516 565 1548 vel
583 1516 604 1547 in
624 1519 717 1554 concepto
736 1525 801 1548 errore
819 1526 839 1548 sc
858 1516 893 1547 fir-

65 1575 151 1608 mandi...

113 1635 209 1669 Diabolus
223 1639 253 1669 est
265 1646 325 1669 causa
338 1636 412 1669 directa
425 1621 444 1668 et
457 1636 550 1675 positiva,
562 1636 658 1668 nimirum
672 1637 743 1669 directe
757 1637 862 1670 intendens
876 1640 894 1669 ct

67 1705 150 1736 operans
165 1705 201 1736 per
216 1706 237 1729 se
252 1700 272 1729 et
287 1706 324 1729 sua
340 1704 414 1735 organa
429 1697 453 1729 ad
469 1693 573 1729 hominum
590 1697 753 1729 excaecationem.
769 1696 812 1730 Non
828 1701 893 1729 tamen

67 1756 177 1790 efficaciter
191 1759 257 1796 potest
273 1766 317 1790 eam
332 1756 412 1789 efficere
429 1756 502 1796 absque
517 1756 605 1789 hominis
621 1766 724 1795 consensu,
740 1758 774 1789 sed
790 1757 855 1790 solum
871 1759 895 1790 ad

67 1826 111 1850 eam
124 1817 217 1856 disponit.
231 1817 274 1856 Ipse
286 1826 332 1850 vero
344 1816 403 1849 homo
418 1827 453 1850 suo
465 1826 562 1850 consensu
574 1817 660 1857 perficit,
674 1818 720 1849 dum
734 1819 824 1850 veritatis
836 1818 895 1850 dilec—

67 1879 122 1910 tione
140 1881 159 1911 et
176 1878 334 1910 consideratione
352 1877 423 1910 reiecta
441 1878 497 1915 eligit
515 1887 600 1909 errorem
618 1878 659 1909 suis
677 1877 810 1916 passionibus,
829 1879 895 1917 pravis

69 1938 181 1978 affectibus,
196 1941 215 1971 et
228 1937 406 1976 imaginationibus
421 1942 566 1976 congruentem.

115 2004 277 2037 Excaecationem
291 2004 382 2044 sequitur
393 2003 509 2036 obduratio:
525 2006 578 2043 quod
593 2006 646 2037 enim
660 2006 770 2038 excaecatio
784 2009 814 2038 est
828 2006 849 2038 in
864 2007 894 2038 in-

68 2065 148 2098 tellectu
161 2069 179 2098 et
190 2065 270 2104 iudicio,
281 2064 318 2098 hoc
331 2064 436 2098 obduratio
448 2067 477 2098 est
489 2066 510 2098 in
523 2065 626 2098 voluntate
638 2068 657 2098 et
670 2065 750 2098 affectu.
764 2067 813 2099 Nam
827 2076 894 2106 quem-

69 2126 174 2159 admodum
193 2136 216 2159 cx
235 2126 383 2159 illuminatione
402 2126 470 2158 divina
487 2126 578 2166 sequitur
596 2126 616 2158 in
635 2126 739 2159 voluntate
757 2127 894 2166 promptitudo

69 2187 166 2227 quaedam
181 2188 205 2220 ad
219 2187 367 2227 obsequendum
381 2188 427 2226 Deo,
441 2190 460 2220 et
475 2187 634 2226 amplectendum
648 2187 701 2226 quod
715 2187 750 2220 ille
763 2188 897 2227 inspiraverit,

69 2248 98 2281 ita
111 2258 134 2281 ex
147 2249 220 2281 mentis
233 2248 327 2280 caecitate
340 2249 430 2287 sequitur
443 2248 526 2280 durities
539 2247 637 2287 quaedam
649 2251 667 2280 et
680 2246 790 2281 obstinatio
803 2249 825 2281 in
838 2248 897 2286 malo,

69 2318 175 2348 perquam
188 2308 310 2341 salutaribus
321 2309 403 2341 monitis
416 2311 435 2341 et
446 2308 519 2341 divinis
532 2307 698 2347 inspirationibus
709 2309 816 2348 resistitur,
829 2318 898 2348 quam-

69 2369 99 2401 vis
117 2373 136 2401 et
154 2369 174 2401 in
191 2370 235 2408 ipsa
252 2368 389 2402 excaecatione
405 2368 510 2401 obduratio
528 2369 625 2408 quaedam
642 2369 749 2402 intrinsece
766 2369 898 2408 contincatur,

70 2431 168 2468 quatenus
179 2430 224 2468 quis
236 2429 331 2462 affectum
343 2419 436 2462 adversus
448 2429 552 2462 veritatem
563 2428 653 2469 obdurat,
664 2429 727 2462 nullis
739 2429 852 2463 rationibus
864 2435 898 2463 aut

70 2489 238 2523 declarationibus
252 2490 318 2523 locum
330 2489 450 2529 relinquens.
466 2488 562 2522 Consistit
574 2489 679 2523 obduratio
694 2491 715 2522 in
729 2490 790 2523 firma
804 2493 823 2523 et
837 2490 899 2524 obsti-

70 2552 119 2583 nata
133 2549 218 2583 affectus
234 2551 258 2583 ad
273 2549 354 2589 aliquod
367 2550 443 2582 malum
457 2552 538 2589 propter
550 2550 635 2588 speciem
649 2551 750 2590 quandam
764 2551 811 2584 honi
828 2551 899 2585 adhae-

71 2609 132 2649 sione,
146 2620 185 2650 qua
198 2611 229 2650 fit,
241 2614 264 2643 ut
276 2620 340 2650 neque
353 2611 439 2643 externis
451 2610 539 2649 monitis,
551 2620 615 2650 neque
628 2611 713 2644 internis
726 2612 899 2652 inspirationibus,

71 2679 134 2711 neque
147 2670 240 2710 flagellis,
254 2680 318 2711 neque
330 2671 434 2710 promissis
449 2670 544 2704 dimoveri
556 2672 626 2710 possit,
640 2672 674 2704 sed
688 2672 743 2706 velut
757 2682 827 2706 saxum
842 2683 863 2706 se
876 2675 899 2706 ad

72 2731 139 2765 omnia
156 2731 238 2765 obduret
254 2735 273 2764 et
290 2725 461 2771 impenetrabilem
477 2734 569 2771 praestet,
586 2733 625 2765 nisi
642 2733 718 2765 maiore
734 2733 820 2773 quadam
836 2735 855 2766 vi
871 2735 900 2766 di-
