1952 3093
395 76 517 120 -29'1-
570 107 572 109 »

45 206 124 249 quidem
135 205 206 237 merita
217 205 316 237 iustorum
327 214 368 237 uon
380 206 508 244 opponuntur
518 203 594 235 meritis
607 202 687 242 Christi,
700 202 734 235 sed
746 201 771 235 ab
782 200 825 234 illis
834 210 870 233 na-

46 268 132 305 scuntur,
147 268 165 298 et
179 264 276 304 quidquid
290 265 333 303 ipsa
348 265 448 296 iustorum
463 264 534 296 merita
549 263 614 296 laudis
629 262 709 301 habent,
725 262 746 295 id
760 264 826 295 totum
841 271 871 294 re-

46 327 120 361 dundat
134 326 155 357 in
168 326 247 357 laudem
260 325 376 357 meritorum
390 325 470 357 Christi.
483 324 526 363 lpse
540 327 570 356 est
583 324 636 356 enim
650 323 703 362 vitis,
717 332 754 356 nos
766 323 869 362 palmitem

46 391 64 421 et
75 386 126 418 sieut
136 387 212 425 palmes
223 394 263 418 non
273 387 339 424 potest
350 385 401 417 ferre
413 384 506 423 fructum,
517 384 557 416 nisi
569 384 665 416 manserit
675 384 697 416 in
708 384 754 423 vite,
766 383 794 416 sic
805 385 824 415 et
833 392 870 416 nor

46 447 97 481 nihil
109 455 215 485 possumus
228 446 270 477 sine
284 445 362 478 Christo
377 444 447 477 faeere.
460 445 484 477 Et
498 445 549 493 sicut
561 453 618 477 nemo
634 453 722 483 unquam
734 443 764 476 ita
778 443 870 483 desipuit,

36 511 67 548 ut
80 507 152 538 diceret
163 506 240 538 detrahi
251 506 275 538 de
288 505 416 544 gloriantis,
429 506 446 538 si
459 504 551 544 palmites
565 505 628 544 ipsius
641 505 728 537 multum
741 504 828 537 fructum
840 503 870 536 af-

47 570 117 607 ferant,
126 568 156 600 ita
165 576 230 605 nemo,
239 567 279 599 nisi
290 566 349 605 plane
359 566 439 605 stultus,
449 566 512 598 dicere
523 568 588 604 potest
600 565 676 598 detrahi
687 565 710 597 de
720 565 784 604 gloria
793 564 873 603 Christi,

47 631 63 665 si
76 628 127 662 servi
140 628 188 666 eius,
200 637 235 667 per
247 627 332 666 gratiam
345 627 393 666 eius,
405 637 440 666 per
453 627 547 666 spiritum
560 627 608 666 eius,
621 626 725 665 perfidem
738 629 757 659 et
770 626 873 659 caritatem

47 690 126 728 abipso
141 689 260 727 inspiratam
273 689 325 720 bona
340 697 399 727 opera
413 687 495 725 faciant,
510 696 560 726 quae
575 687 604 718 ita
619 697 662 718 uere
677 688 718 719 sint
733 688 792 725 iusta,
806 689 828 720 111
842 687 870 719 eis

47 751 140 784 debeatur
153 758 164 781 a
176 749 229 781 iusto
242 748 306 780 iudice
318 757 390 780 corona
402 747 499 784 iustitiae,

93 811 123 848 At,
134 809 234 848 inquiunt,
247 809 264 840 si
277 808 405 846 requiruntur
416 808 487 840 merita
499 808 610 846 hominum,
622 818 661 840 non
675 795 736 846 igitur
748 808 870 841 sufficiebant

47 871 117 904 merita
127 868 207 902 Christi.

75 957 77 960 .
93 930 136 962 Non
149 930 178 962 ita
192 931 227 961 est.
241 929 290 961 Nam
303 930 375 961 merita
388 929 492 960 hominum
506 938 546 960 non
560 929 689 967 requiruntur
701 932 782 967 propter
795 929 870 962 insuffl-

47 991 139 1023 cicntiam
150 990 266 1021 meritorum
280 989 359 1027 Christi,
372 989 406 1021 sed
417 991 497 1027 propter
508 989 616 1021 maximam
629 998 697 1021 eorum
709 989 820 1023 efficaciam.
832 989 871 1022 Me-

48 1052 129 1084 ruerunt
140 1051 193 1081 enim
205 1050 278 1082 Christi
291 1059 350 1087 opera
362 1049 413 1087 apud
424 1049 492 1087 Deum,
503 1059 544 1081 non
555 1049 621 1081 solum
634 1052 656 1082 111
668 1050 753 1082 salutem
765 1059 871 1092 conseque-

48 1120 118 1148 remur,
131 1111 165 1142 sed
178 1111 244 1149 etiam,
258 1113 280 1142 111
293 1119 336 1142 cam
349 1119 384 1149 per
397 1110 468 1142 merita
481 1110 561 1148 propria
573 1098 742 1149 consequeremur.
757 1110 806 1150 Sive,
819 1111 871 1151 quod

48 1173 76 1204 est
89 1171 147 1209 idem,
159 1179 199 1202 non
213 1170 278 1202 solnm
291 1172 391 1202 aeternam
404 1170 495 1206 salutem,
509 1170 542 1202 sed
556 1170 617 1202 etiam
628 1170 723 1203 virtutem
736 1171 824 1203 merendi
836 1181 871 1203 no-

48 1232 77 1264 bis
89 1233 209 1263 meruerunt.
217 1255 221 1263 .
229 1254 233 1263 .
798 1233 800 1237 ’

95 1280 120 1324 dt
132 1291 208 1331 saltem,
220 1291 320 1331 inquiunt,
334 1291 430 1324 dividitur
440 1291 504 1329 gloria
516 1291 568 1323 inter
581 1292 643 1324 Deum
654 1295 673 1324 et
685 1291 792 1331 hominem,
806 1293 822 1324 si
835 1302 873 1324 11011

49 1353 95 1385 solis
106 1353 148 1384 eins
159 1352 241 1390 meritis,
253 1352 357 1384 sedetiam
368 1352 442 1384 nostris
453 1352 539 1384 salutem
550 1352 680 1392 assequimur.

95 1413 161 1452 Neque
172 1412 193 1443 id
204 1421 272 1444 verum
283 1413 318 1445 est.
329 1411 379 1445 Nam
391 1412 463 1444 merita
473 1414 541 1445 nostra
553 1412 605 1445 dona
617 1415 664 1445 sunt
676 1413 756 1446 Christi.
766 1414 791 1447 Et
802 1423 871 1453 quam-

49 1473 106 1505 visin
117 1482 174 1511 opere
184 1472 241 1511 bono,
250 1472 303 1511 quod
313 1481 355 1511 nos,
364 1472 403 1504 Deo
414 1472 500 1511 iuvante,
511 1473 602 1511 facimus,
612 1472 665 1505 nihil
675 1474 702 1506 sit
711 1476 808 1514 nostrum,
819 1475 872 1514 quod

49 1542 87 1565 non
98 1533 124 1564 sit
134 1533 175 1571 Dei,
184 1542 247 1571 neque
259 1532 335 1571 aliquid
346 1533 372 1565 sit
382 1532 423 1572 Dei,
433 1533 486 1571 quod
496 1542 536 1565 non
547 1534 573 1565 sit
582 1536 679 1572 nostrum,
690 1534 724 1566 sed
734 1536 799 1567 totum
810 1534 872 1569 faciat

20 1603 22 1605 ’
49 1594 105 1632 Deus,
120 1597 139 1626 et
153 1595 218 1625 totum
233 1594 294 1625 faciat
308 1593 378 1625 homo:
394 1595 460 1625 tamen
474 1593 531 1632 ratio,
547 1603 582 1626 cur
594 1593 615 1626 id
629 1603 678 1633 opus
694 1594 720 1628 sit
734 1594 815 1634 dignum
830 1596 872 1629 vita

50 1656 132 1692 aeterna,
145 1656 187 1685 tota
198 1653 270 1692 pendet
281 1664 292 1686 a
303 1654 372 1691 gratia.
384 1653 473 1693 Denique
483 1663 519 1686 nos
531 1653 570 1693 ipsi
582 1663 621 1686 non
634 1654 701 1687 minus
712 1655 790 1688 Christo
803 1665 872 1689 snmus

49 1714 143 1752 obstricti,
155 1723 190 1745 nec
201 1714 267 1745 minus
279 1714 364 1746 salutem
375 1715 465 1746 nostram
476 1716 539 1747 totam
550 1716 609 1754 atque
621 1715 718 1753 integram
729 1716 760 1748 illi
773 1720 872 1755 acceptam

50 1774 159 1812 referimus,
173 1783 218 1806 cum
233 1774 290 1806 illam
304 1774 381 1806 meritis
396 1774 470 1807 nostris
485 1775 612 1814 acquirimus,
627 1785 686 1814 quam
702 1777 719 1808 si
735 1776 809 1816 absque
825 1763 879 1811 ullis

50 1834 124 1866 meritis
136 1834 210 1866 nostris
225 1834 282 1866 illam
296 1834 436 1873 acciperemus;
450 1835 511 1868 immo
525 1835 588 1868 multo
603 1836 665 1874 magis
679 1846 731 1869 nunc
744 1837 775 1869 illi
790 1847 826 1870 nos
840 1838 872 1870 de-

50 1892 122 1926 bitores
136 1903 177 1926 esse
192 1894 284 1930 fatemur,
297 1895 457 1934 quandoquidem
471 1904 510 1927 nou
525 1896 590 1928 solum
604 1906 639 1935 per
652 1896 694 1929 eins
709 1898 794 1935 gratiam
808 1898 872 1932 salva-

50 1962 97 1993 mur,
110 1956 144 1986 sed
157 1955 217 1986 etiarn
230 1964 264 1992 per
277 1955 358 1987 eandem
371 1955 498 1987 nobilissimo
509 1956 568 1988 modo
581 1947 821 1997 honorificentissimoque
833 1958 872 1991 sal-

50 2022 119 2046 vamur
125 2025 135 2047 ›>
141 2017 176 2047 1⁹⁰.

120 2111 137 2149 7)
150 2111 200 2143 Rom
211 2112 227 2149 8,
239 2112 270 2143 18:
285 2112 399 2144 «Existimo
410 2113 463 2144 enirn
475 2113 527 2151 quod
539 2123 579 2145 non
591 2117 637 2145 sunt
649 2115 757 2153 condignae
768 2116 871 2153 passiones

50 2169 108 2203 huius
122 2172 217 2210 temporis
234 2172 258 2204 ad
274 2172 363 2204 futuram
379 2173 469 2211 gloriam,
486 2182 536 2212 quae
552 2173 672 2206 revelabitur
687 2175 708 2206 in
723 2175 805 2208 nobis».
823 2177 871 2214 Ergo

51 2239 64 2261 s.
77 2230 149 2263 Paulus
160 2235 218 2269 negat
230 2232 385 2270 condignitatem
397 2242 478 2271 operum
490 2243 534 2266 eum
546 2233 615 2266 futura
627 2234 696 2272 gloria.

96 2291 152 2330 llesp.
164 2292 236 2323 Textns
247 2299 327 2330 graecus
338 2293 398 2325 habet
414 2295 450 2331 οὐκ
463 2294 512 2340 ἄξια,
527 2294 587 2326 idest
598 2304 655 2327 «non
668 2298 715 2327 sunt
726 2296 871 2337 ponderosae»,

51 2350 67 2381 si
78 2356 218 2391 comparantur
227 2362 271 2385 eum
283 2352 352 2386 futura
363 2353 469 2392 gloria191;
481 2364 521 2386 non
533 2357 562 2386 est
574 2364 637 2387 sermo
650 2355 672 2387 de
684 2356 823 2394 condignitate.
836 2367 874 2396 qua

51 2419 97 2448 opus
110 2413 191 2452 aliquod
203 2416 232 2445 est
243 2414 367 2446 meritorium
378 2415 401 2447 de
412 2415 514 2453 condigno.

95 2473 163 2511 Quoad
177 2482 217 2505 rem
232 2474 282 2505 idern
298 2474 348 2513 apud
363 2484 377 2506 s.
392 2475 512 2507 Bellarmino
520 2479 557 2508 192:
574 2477 687 2515 «Loquitur
700 2479 752 2510 enim
766 2480 872 2517 Apostolus

50 2553 214 2564 ·--·—-..-......

97 2621 124 2643 19⁰
137 2619 263 2659 Bellarmino,
276 2630 316 2659 cap.
329 2622 344 2653 ’.1.

97 2682 124 2704 111
136 2680 185 2713 Vide
196 2679 261 2714 Zorell
272 2691 287 2714 s.
297 2690 315 2714 V.
331 2680 388 2726 ἄξιος.

99 2743 124 2764 ³⁹2
138 2741 264 2778 Bellermino,
277 2751 318 2780 cap,
333 2742 349 2775 3.
