1952 3093
469 32 590 69 -238-

117 155 159 191 tiae
171 154 262 191 Christi:
275 165 318 191 non
331 154 390 197 quod
400 164 501 190 mensura
513 153 593 191 Christi
606 154 694 190 diversa
703 154 740 199 sit;
753 154 791 190 sed
803 157 885 190 tantum
897 164 942 197 gra-

118 227 159 263 tiae
176 227 221 263 eius
237 227 367 270 infunditur,
383 230 487 270 quantum
502 226 598 263 valemus
614 225 701 263 haurire
710 238 720 262 »
729 225 759 264 1⁴³ss

170 311 189 347 S.
204 311 357 347 Auousrruus:
378 310 455 347 «Haec
471 301 598 348 similitudo*
611 310 661 354 (qua
676 309 743 347 Stoici
759 310 889 353 utebantur),
906 311 943 347 ubi

118 382 208 419 stultitia
219 383 277 419 velut
289 393 349 426 aqua,
362 385 382 418 et
393 382 499 426 sapientia
510 382 568 419 velut
579 393 615 419 aer
625 382 721 426 ponitur,
731 386 754 419 ut
765 382 849 419 animus
861 393 872 418 a
882 393 943 425 prae-

119 455 226 491 focatione
242 455 345 492 stultitiae
362 458 471 499 tamquam
488 464 605 498 emergens
622 454 645 490 in
663 455 792 497 sapientiam
808 457 896 498 repente
914 466 944 490 re-

118 528 191 570 spiret,
204 537 248 563 non
260 526 315 563 mihi
328 526 415 564 videtur
427 527 478 563 satis
493 526 633 564 accomodata
645 529 768 563 nostrarum
782 526 942 570 Scripturarum

119 598 253 635 auctoritati:
268 599 306 635 sed
318 599 356 635 illa
367 600 446 642 potius
459 602 482 635 ut
494 598 572 635 uitium
583 599 618 635 vel
631 598 722 636 stultitia
735 598 837 642 tenebris,
850 599 895 635 luci
909 609 943 635 au-

119 674 161 707 tem
175 671 244 707 virtus
258 671 292 706 rel
307 671 414 714 sapientia
429 673 572 715 comparetur,
587 674 690 714 quantum
706 670 747 707 ista
762 670 842 707 similia
858 670 883 706 de
898 681 943 707 cor-

118 742 229 785 poralibus
244 742 271 779 ad
284 743 431 786 intelligibilia
446 743 495 779 duci
509 745 606 784 possunt.
619 742 666 779 Non
682 742 754 786 itaque
770 742 825 778 sicut
841 742 866 779 de
881 742 942 785 aquis

119 815 141 849 in
156 825 226 850 aerem
241 824 336 857 surgens,
351 814 388 850 uhi
401 825 474 851 eurum
488 825 594 850 summum
607 814 724 856 transierit,
737 817 825 856 repente
840 817 942 857 quantum

119 886 197 922 sufficit
211 885 340 930 inspiratum
356 886 393 922 sed
408 886 463 922 sicut
479 887 504 922 de
518 886 613 923 tenebris
628 887 650 921 in
665 887 735 922 lucem
749 886 877 929 procedens,
892 897 943 928 pau-

117 958 178 994 latim
196 958 356 1001 progrediendo
374 958 515 994 illuminatur.
532 957 594 1001 Quod
611 957 680 995 donec
697 957 823 1006 plenissime
839 956 881 1000 fiat,
899 958 942 994 iam

118 1040 166 1066 eum
179 1032 250 1066 tamen
263 1030 355 1066 dicimus
367 1032 475 1073 tamquam
489 1030 514 1066 de
526 1029 661 1066 abditissima
675 1030 778 1072 spelunca
791 1029 942 1072 egredientem,

118 1101 201 1137 vicinia
212 1101 268 1138 lueis
282 1101 380 1143 afflatum,
393 1104 453 1137 tanto
466 1091 541 1144 magis,
554 1104 634 1145 quanto
647 1101 715 1144 magis
728 1101 862 1145 propinquat
875 1111 943 1144 egres-

119 1173 163 1209 sui:
177 1175 200 1208 ut
211 1173 265 1209 illud
276 1173 335 1216 quod
344 1173 367 1208 in
379 1184 404 1209 eo
413 1174 476 1215 lucet,
488 1173 516 1209 sit
526 1173 599 1216 utique
612 1185 637 1209 ex
649 1173 730 1210 lumine
742 1184 784 1217 quo
794 1173 942 1216 progreditur;

119 1244 173 1281 illud
184 1248 256 1281 autem
268 1245 326 1287 quod
338 1244 409 1281 adhuc
422 1244 538 1281 obscurum
552 1249 588 1288 est,
603 1245 631 1281 sit
644 1257 669 1281 ex
682 1245 777 1281 tenebris
790 1246 848 1281 unde
862 1245 943 1287 egredi-

119 1320 159 1353 tur.
175 1316 248 1360 Itaque
263 1319 283 1352 et
296 1327 339 1353 non
355 1316 507 1353 iustificabitur
522 1317 544 1352 in
561 1320 678 1359 conspectu
693 1317 733 1353 Dei
747 1317 817 1354 omnis
831 1317 906 1353 vivens
915 1320 941 1359 1ἵ;

120 1391 139 1423 et
152 1392 222 1424 tamen
234 1389 301 1424 iustus
315 1399 340 1424 ex
352 1387 394 1424 fide
406 1388 460 1424 vivit
468 1392 492 1425 1⁸.
504 1387 530 1424 Et
542 1388 612 1425 induti
625 1393 674 1425 sunt
686 1390 755 1425 sancti
768 1389 876 1425 iustitia19
889 1389 943 1425 altus

121 1459 194 1503 magis,
211 1460 265 1496 alius
281 1460 363 1496 minus:
381 1464 401 1496 et
418 1470 480 1496 nemo
495 1460 532 1496 hic
548 1460 602 1496 vivit
619 1460 665 1497 sine
682 1464 778 1503 peccato,
796 1463 815 1496 et
832 1461 873 1496 hoc
890 1461 943 1496 alius

120 1531 194 1574 magis
208 1532 262 1568 alius
277 1532 357 1575 minus,
372 1533 466 1575 optimus
481 1534 551 1568 autem
565 1536 595 1568 est
609 1533 645 1575 qui
660 1532 773 1569 minimum
782 1545 792 1566 a
802 1536 826 1569 2⁰.

173 1627 182 1649 «
192 1614 244 1651 Cum
258 1615 323 1658 igitur
337 1616 373 1658 qui
385 1615 465 1659 ubique
479 1618 516 1658 est,
529 1626 572 1652 non
586 1616 609 1650 in
623 1616 723 1652 omnihus
737 1616 828 1659 habitet;
843 1616 907 1652 etiam
921 1616 942 1651 in

120 1687 198 1730 quibus
213 1686 302 1731 habitat,
320 1698 363 1723 non
380 1687 498 1731 aequaliter
514 1687 603 1724 habitat.
620 1687 673 1724 Nam
691 1688 748 1724 unde
766 1691 797 1724 est
814 1688 868 1724 illud
886 1688 943 1731 quod

111 1758 215 1808 *Elisaeus
232 1760 338 1802 poposcit,
355 1763 378 1795 ut
395 1759 511 1801 dupliciter
525 1759 584 1796 fieret
600 1760 623 1795 in
639 1771 663 1796 eo
681 1759 773 1802 Spiritus
790 1760 829 1796 Dei
846 1760 882 1802 qui
900 1763 944 1796 erat

120 1831 142 1866 in
154 1830 214 1867 Elia?
228 1831 253 1868 Et
265 1831 323 1867 unde
337 1831 360 1866 in
374 1830 475 1867 omnibus
490 1831 570 1868 sanctis
584 1834 633 1869 sunt
647 1831 684 1867 alii
699 1832 747 1867 aliis
762 1832 886 1872 sanctiores,
900 1832 942 1867 nisi

120 1902 265 1939 abundantius
278 1902 378 1939 hahendo
391 1902 536 1939 habitatorem
547 1902 629 1939 Deum‘?
637 1916 647 1938 »
657 1907 680 1938 21.

174 1985 193 2022 S.
209 1986 316 2022 Pnosrnu:
337 1985 485 2023 «Iustificatus
501 1986 572 2029 itaque
589 1981 660 2029 homo,
676 1987 699 2022 id
715 1990 751 2029 est,
768 1998 793 2022 ex
810 1987 877 2029 impio
894 1988 943 2030 pius

121 2058 196 2100 tactus,
214 2058 272 2094 nullo
290 2058 433 2101 praecedente
450 2058 508 2095 bono
526 2059 609 2101 merito,
626 2059 706 2101 accipit
724 2060 810 2101 donum,
827 2070 868 2102 quo
887 2059 942 2096 dono

121 2131 217 2174 quuirat
235 2134 254 2167 et
269 2131 379 2166 meritum:
399 2134 427 2173 ut,
444 2131 503 2173 quod
519 2131 541 2165 in
558 2132 595 2166 illo
611 2131 735 2167 inchoatum
753 2134 783 2166 est
800 2142 838 2173 per
854 2131 944 2173 gratiam

121 2202 207 2244 Christi,
226 2202 288 2238 etiam
307 2213 345 2244 per
364 2202 494 2238 industriam
512 2202 575 2238 liheri
595 2206 696 2244 augeatur
714 2203 808 2245 arhitrii;
827 2199 943 2246 numquam

169 2392 185 2412 ¹0
200 2389 296 2420 Adversus
310 2388 435 2419 turinianum
450 2388 483 2419 lib.
496 2388 505 2419 2
519 2397 547 2418 nr.
562 2388 592 2424 23;
607 2389 639 2419 llll
652 2389 680 2423 23,
694 2388 733 2419 320.
774 2424 775 2427 Ἴ

169 2452 185 2472 1⁷
201 2449 224 2479 Ps
237 2448 277 2485 142,
289 2448 305 2479 2.
591 2444 593 2447 ’

170 2511 186 2532 18
200 2508 266 2540 Hebae
278 2508 293 2543 2,
306 2508 322 2539 l.

169 2571 186 2591 ¹⁹
200 2568 234 2599 Iob
247 2568 275 2605 29,
288 2568 315 2599 14.
333 2583 335 2590 ·

169 2632 187 2652 '3⁰
200 2628 261 2666 Epist.
275 2628 308 2659 tot
323 2628 467 2666 (Hieronymo),
480 2638 509 2659 nr.
523 2628 554 2665 13;
568 2628 602 2660 ntL
614 2628 642 2667 33,
657 2628 696 2660 738.
820 2655 822 2658 .

169 2692 185 2712 2⁷1
200 2688 261 2726 Epist.
274 2688 313 2723 187,
327 2688 358 2725 Πς
371 2688 404 2719 att
417 2687 445 2723 33,
458 2688 498 2720 383,
511 2688 539 2719 Cf.
553 2698 581 2726 ep.
596 2688 635 2723 186,
648 2689 678 2725 10;
694 2688 726 2719 llll
739 2688 767 2723 33,
781 2689 823 2725 819:
839 2688 854 2720 R
869 2689 920 2721 1446.
