1952 3093
408 25 516 62 -79-

51 142 146 181 «Utrum
155 143 289 188 iustificatus
299 146 336 188 qui
348 148 449 188 operatus
460 148 491 182 est
501 156 567 188 opera
578 146 633 182 hona
647 157 672 182 ex
684 146 752 189 gratia
764 150 785 183 et
796 146 877 183 auxilio

50 216 132 260 divino,
144 228 156 254 a
166 216 249 254 meritis
261 217 285 254 D.
297 216 321 254 N.
334 217 381 254 Iesu
395 217 474 254 Christi
485 218 591 262 protectoy
604 219 633 255 ita
645 223 668 255 ut
679 219 793 256 retinuerit
805 219 878 257 inhae-

50 292 133 327 rentem
151 289 264 333 iustitiami
281 286 422 333 praesentans
442 302 463 326 se
484 301 532 327 eum
551 291 588 328 illa
608 295 656 328 ante
676 291 771 329 tribunal
790 292 877 334 Christi,

51 362 171 399 censendus
186 363 214 399 sit
229 362 360 399 satisfecisse
378 363 465 400 divinae
480 363 574 400 iustitiae
590 364 617 400 ad
633 364 733 401 meritum
750 369 769 402 et
786 365 878 409 acquisi-

51 436 131 472 tionem
147 435 204 472 vitae
219 439 327 479 aeternae;
346 447 372 472 an
390 447 441 473 vero
459 422 507 472 11111
524 436 565 472 hac
581 436 706 473 inhaerente
724 437 807 474 iustitia
824 448 878 480 opus

50 508 139 551 insuper
151 507 229 545 habeat
242 508 394 545 misericordia
408 513 428 545 et
441 508 524 546 iustitia
539 507 625 551 Christi,
639 509 680 546 hoc
695 513 726 546 est
740 510 817 546 merito
831 520 878 553 pas-

50 580 119 618 sionis
136 580 188 623 eius‚
205 592 247 624 quo
264 581 405 624 suppleantur
424 581 520 617 detectus
537 592 587 618 suae
604 581 705 624 iustitiae,
723 592 776 625 quae
795 582 877 618 iustitia

51 653 222 690 communicetur
237 665 262 689 ex
280 653 354 689 divina
373 653 535 696 dispensatione
552 653 671 690 secundum
689 664 812 690 mensuram
827 654 877 691 fidei

51 729 70 763 et
86 725 241 762 charitatisse.
258 724 379 762 Concilium
396 725 518 762 doctrinam
536 725 561 762 de
579 725 661 768 duplici
678 725 760 762 iustitia
777 726 878 769 reproha-

49 798 89 843 vit3
101 798 217 841 propterea
230 799 344 841 postquam
357 807 404 840 cap.
416 798 426 834 7
441 797 507 834 dixit:
522 797 605 834 «unica
619 797 716 834 formalis
728 809 792 835 causa
807 798 875 839 (iusti-

50 869 166 912 ficationis)
184 874 215 907 est
232 870 314 907 iustitia
330 870 376 912 Dei,
395 881 438 907 non
457 881 499 914 qua
517 870 563 913 ipse
581 871 650 907 iustus
667 875 704 912 est,
723 871 761 908 sed
779 882 820 914 qua
838 881 878 907 nos

50 943 118 979 iustos
132 943 191 985 iacit,
205 953 266 986 qua...
280 953 322 978 uon
338 942 402 979 modo
416 945 546 985 reputamur,
562 943 599 979 sed
613 953 662 980 vere
675 943 726 979 iusti
740 944 878 979 nominamur

51 1018 71 1052 et
86 999 286 1059 sumussiustitiam
302 1015 323 1050 in
341 1015 404 1051 nohis
420 1015 550 1058 reripIentes
566 1015 714 1059 unusquisque
730 1020 827 1051 111111»4
842 1016 878 1052 do-

51 1089 84 1124 cet
97 1098 144 1131 cap.
158 1087 193 1124 1o:
211 1087 283 1124 «nihil
299 1087 352 1130 ipsis
366 1087 486 1124 iustificatis
501 1088 593 1129 amplius
607 1087 680 1124 deesse
695 1087 827 1123 credendum
840 1090 878 1128 est,

51 1160 166 1204 quominus
179 1160 242 1202 plene
256 1159 300 1196 iltis
313 1159 400 1202 quidem
416 1159 525 1202 operibus,
539 1170 593 1203 quae
608 1159 630 1195 in
645 1159 690 1196 Deo
704 1162 753 1195 sunt
769 1159 831 1202 tacta,
848 1159 878 1195 di-

51 1232 114 1269 vinae
126 1232 168 1275 legi
182 1242 222 1274 pro
236 1231 300 1268 huius
314 1233 370 1268 vitae
384 1234 439 1268 statu
453 1231 583 1268 satisfecisse
597 1234 617 1268 et
630 1231 696 1267 vitam
711 1234 826 1273 aeternam,
840 1242 878 1267 suo

51 1304 115 1342 etiam
129 1307 225 1347 tempore
242 1304 268 1345 (si
283 1307 353 1340 tamen
367 1304 389 1339 in
403 1303 471 1346 gratia
486 1303 626 1344 decesserint)
640 1304 814 1347 consequendam
829 1313 878 1340 vere

52 1376 197 1419 promeruisse
217 1378 364 1413 censeantur...
385 1375 415 1411 lta
436 1385 504 1418 neque
524 1374 613 1418 propria
634 1378 706 1411 nostra
726 1375 807 1412 iustitia
827 1379 879 1411 tam-

52 1459 115 1493 quam
132 1459 158 1485 ex
174 1448 236 1485 nohis
253 1447 342 1491 propria
359 1448 465 1488 statuitur,
483 1457 552 1491 neque
570 1447 681 1490 ignoratur
699 1450 734 1483 aut
751 1446 879 1489 repudiatur

52 1520 134 1558 iustitia
147 1519 196 1564 Dei;
211 1530 265 1564 quae
279 1520 335 1556 enim
350 1518 432 1556 iustitia
447 1521 520 1555 nostro
536 1519 621 1561 dicitur,
636 1519 687 1562 quia
701 1529 740 1561 per
755 1529 802 1555 eam
815 1517 878 1555 nobis

51 1592 200 1629 inhaerentem
213 1590 360 1632 iustificamur.
375 1591 412 1627 illa
425 1591 499 1627 eadem
514 1591 552 1626 Dei
567 1593 604 1633 est,
619 1590 668 1634 quia
684 1601 694 1627 a
709 1590 754 1626 Deo
768 1590 832 1627 nohis
848 1591 879 1626 in-

54 1664 151 1701 funditur
164 1674 202 1707 per
217 1663 297 1701 Christi
310 1663 410 1699 meritum
419 1676 429 1698 1
439 1667 453 1699 ⁵.

370 1880 422 1916 Doc.
438 1879 557 1916 Eccinsmu

106 2024 148 2061 Lao
166 2024 181 2060 11
199 2023 309 2061 (1111111111
327 2023 455 2060 sententiam
473 2022 572 2059 Lutlieri:
595 2035 604 2056 «
614 2022 637 2057 111
657 2031 724 2064 puero
743 2024 792 2063 post
810 2020 879 2063 bapti-

54 2107 121 2133 smum
138 2106 216 2139 negare
234 2106 347 2132 remanens
363 2098 482 2138 peccatum,
500 2098 531 2131 est
547 2095 635 2130 Paulum
652 2094 716 2129 simul
733 2097 752 2130 et
770 2093 878 2130 Christum

54 2169 181 2205 conculcare
190 2181 200 2204 »
209 2172 224 2205 ⁵.

106 2240 170 2279 Cone.
183 2241 242 2277 Turn.
254 2242 350 2278 sessione
364 2241 381 2283 o,
394 2242 450 2277 hanc
465 2242 586 2277 doctrinam
600 2241 704 2278 definivit.
717 2242 767 2285 Cap.
781 2243 803 2279 7:
818 2242 879 2279 Iusti-

54 2311 123 2350 ficatio
141 2324 204 2350 «non
220 2316 251 2350 est
268 2314 312 2350 sola
329 2316 467 2356 peccatorum
485 2313 591 2352 remissio.
609 2314 646 2350 sed
664 2318 683 2350 et
700 2314 841 2351 sanctificatio
859 2318 879 2351 et

53 2431 196 2439 *-

100 2508 107 2529 ³
121 2505 177 2538 Cone.
189 2505 247 2543 Trid,
261 2506 289 2537 ed.
304 2506 344 2537 Soc.
358 2506 506 2541 Goerresianae3
522 2508 567 2537 torn.
583 2505 650 2540 1123.

101 2569 107 2589 ⁴
122 2565 180 2598 Denz.
197 2564 252 2598 799:

101 2630 108 2649 ⁷¹
122 2626 180 2658 Denz.
194 2625 237 2662 809:
251 2626 329 2658 11842,

101 2690 108 2710 fl
123 2686 179 2719 Dent.
195 2686 234 2719 74⁴2.
