1952 3093
394 96 422 103 ...
435 73 515 113 2591-

44 201 125 239 bonum
139 200 171 235 est
184 207 249 242 quam
263 206 327 240 posse
341 206 487 240 perseverare.
502 195 584 233 Finalis
599 195 799 239 perseverantiam
813 194 870 232 thesi

45 270 124 310 dicitur
138 278 239 313 magnum
254 268 294 306 Dei
311 268 391 306 donum
406 268 433 306 ad
449 267 616 311 significandum
633 268 652 310 1)
663 268 744 305 'revera
761 277 807 305 eam
823 277 869 305 esse

46 345 125 382 donum
140 341 180 378 Dei
195 351 264 385 neque
278 341 400 378 identicum
414 340 522 377 cumillis
538 340 608 384 donis,
624 351 678 385 quae
693 339 785 384 quilibet
800 339 869 377 iustus

44 415 108 454 habet
118 413 176 451 unde
187 416 417 458 potest.perseverare;
429 412 449 456 2)
461 413 503 450 hoc
515 412 597 450 donum
606 416 722 457 propterea
734 412 815 450 dicitur
826 422 870 449 ma·

44 496 115 532 gnum,
130 486 182 531 quia
197 486 234 529 qui
248 485 303 522 illud
319 485 406 529 accipit,
422 467 531 522 aeternam
546 488 690 530 consequetur
705 484 871 523 beatitudinem.=

96 557 171 596 Sermo
183 557 206 595 in
219 557 275 595 thesi
289 567 332 595 non
345 560 377 595 est
389 558 415 595 de
428 557 507 595 virtute
520 558 701 602 perseverantiae,
715 567 769 602 quae
783 559 815 595 est
828 557 870 594 vir·

45 636 78 670 tus
90 640 175 668 annexa
188 629 314 667 fortitudini
327 633 348 667 et
360 629 453 667 inclinat
466 629 494 667 ad
507 629 683 674 prosequendum
696 629 719 666 in
734 640 800 673 opere
812 628 873 667 bono>

45 713 88 742 non
100 702 236 740 obstantibus
249 701 417 745 difficultatibus,
428 713 482 747 quae
495 702 593 746 praecise
605 713 631 738 ex
644 702 785 739 diuturnitate
797 701 871 745 operis

46 775 151 814 oriuntur.
626 767 627 770 ’

98 845 261 884 Perseverantia
272 847 295 883 in
306 846 362 884 thesi
372 846 500 890 intelligitur
511 847 636 890 permansio
646 847 669 882 in
681 846 764 884 iustitia
775 849 871 890 accepta.

46 919 83 957 Est
110 903 309 963 temporalis,
339 919 357 956 si
372 918 441 956 iustus
456 929 496 962 per
511 918 600 962 aliquod
615 922 700 962 tempus
714 922 786 957 manet
800 919 824 955 in
840 920 871 955 iu·

46 991 110 1035 stitia,
122 990 159 1028 sed
170 990 248 1028 deinde
258 990 336 1028 iterum
346 993 431 1034 peccat;
443 990 500 1027 hanc
511 990 607 1034 practice
619 990 710 1035 quilibet
720 991 789 1028 iustus
799 990 870 1032 habet,

46 1075 94 1101 cum
105 1063 142 1100 vix
153 1063 277 1101 inveniatur
288 1063 359 1107 homo,
371 1064 408 1107 qui
420 1063 544 1100 immediate
556 1066 605 1107 post
615 1048 790 1101 iustificationem
800 1064 871 1100 statim

46 1139 129 1181 peccet3
143 1136 180 1173 sed
194 1139 252 1180 patet
265 1137 335 1174 maius
348 1147 393 1173 esse
408 1136 495 1180 donum,
508 1137 526 1173 si
538 1136 586 1180 quis
599 1147 639 1179 per
651 1135 774 1173 diuturnius
788 1138 872 1178 tempus

45 1221 56 1245 a
69 1212 158 1252 peccato
170 1209 226 1246 liber
239 1212 316 1251 manet,
330 1219 394 1253 quam
408 1208 426 1245 si
440 1209 509 1246 solum
520 1219 559 1252 per
571 1209 636 1245 breve
649 1211 740 1251 tempus.

96 1280 259 1319 Perseverantia
287 1281 296 1317 t
304 1281 333 1317 in
342 1280 402 1318 alis
430 1291 455 1318 ea
470 1283 508 1324 est,
523 1291 578 1324 quae
592 1283 641 1324 post
655 1280 753 1317 ultimam
769 1280 870 1317 iustifica-

47 1354 127 1399 tionem
139 1353 243 1397 perdurat
254 1363 322 1397 usque
334 1353 362 1390 ad
373 1352 437 1389 finem
449 1353 512 1390 vitae.
524 1352 565 1389 Per
578 1363 599 1389 se
611 1362 654 1390 non
667 1351 731 1390 debet
743 1351 781 1389 diu
793 1352 870 1396 perdu-

48 1436 101 1470 rare,
113 1424 163 1470 quia
176 1424 281 1469 possibile
294 1427 325 1463 est
339 1424 432 1469 aliquem
445 1425 501 1461 mori
513 1424 640 1462 brevissime
652 1427 702 1468 post
715 1427 827 1467 acceptam
841 1424 871 1460 iu-

48 1497 205 1534 stificationem.

99 1574 262 1612 Perseverantia
276 1574 347 1612 finalis
361 1578 431 1618 potest
446 1586 492 1612 esse
519 1586 532 1618 p
541 1586 553 1611 0
561 1578 569 1611 t
578 1586 588 1611 e
597 1585 610 1611 n
619 1573 692 1611 tiali
701 1586 723 1618 s,
750 1574 773 1611 id
788 1578 820 1612 est
833 1585 870 1618 po·

48 1646 113 1684 tentia
129 1646 290 1691 perseverandi,
305 1657 369 1691 quam
386 1647 504 1684 secundum
520 1646 598 1684 thesim
615 1646 639 1683 12
656 1646 727 1684 omnis
744 1645 871 1684 iustificatus

47 1717 120 1763 habet3
141 1718 277 1756 actualis
298 1729 349 1756 vero
360 1718 397 1755 ill-a
408 1722 445 1762 est,
454 1729 508 1763 quae
520 1722 591 1755 actum
602 1718 757 1762 perseverandi
768 1718 871 1762 includit;

48 1794 78 1827 est
94 1801 144 1835 ergo
158 1791 248 1828 actualis
263 1790 387 1834 permansio
403 1791 426 1827 in
442 1791 525 1829 iustitia
541 1794 630 1834 accepta
646 1801 713 1836 usque
730 1790 757 1828 ad
773 1793 871 1828 mortem.

49 1861 109 1900 Hanc
121 1865 192 1906 potest
205 1863 241 1900 ille
254 1863 340 1906 habere,
352 1863 389 1907 qui
403 1863 467 1900 modo
481 1862 569 1907 quidem
582 1866 684 1905 peccator
698 1866 735 1907 est,
748 1863 786 1900 sed
798 1863 836 1907 qui
850 1873 872 1900 se

49 1938 159 1990 convertet
172 1939 192 1972 et
205 1934 284 1972 deinde
295 1935 319 1971 in
330 1935 399 1978 gratia
410 1937 483 1972 manet
496 1938 516 1972 et
528 1934 551 1971 in
564 1945 588 1972 ea
600 1935 701 1979 moritur;
715 1937 786 1978 potest
797 1935 872 1972 eadem

50 2005 122 2043 deesse
132 2007 154 2043 in
166 2007 238 2051 aliquo
249 2007 286 2050 qui
296 2017 354 2044 nunc
365 2007 387 2042 in
399 2009 455 2043 statu
465 2007 546 2050 gratiae
558 2009 595 2050 est,
607 2006 643 2051 qui
654 2009 725 2043 tamen
737 2010 812 2051 postea
823 2017 872 2050 pec·

49 2077 105 2114 cabit
114 2081 134 2116 et
142 2078 164 2115 in
174 2081 264 2122 pecc-ato
273 2079 384 2116 morietur.
393 2078 450 2115 Hine
460 2079 503 2115 iam
513 2081 602 2121 apparet
612 2079 741 2116 elementum
749 2078 872 2122 principale

49 2148 71 2185 in
85 2150 247 2193 perseverantia
261 2150 340 2187 actuali
353 2150 413 2186 finali
428 2161 474 2188 esse
488 2150 558 2194 ipsam
571 2153 662 2187 mortem
676 2151 699 2186 in
715 2153 771 2187 statu
785 2150 872 2195 gratiae,

49 2230 103 2264 quae
116 2222 191 2260 vocari
204 2222 257 2259 solet
270 2223 431 2265 perseverantia
444 2222 515 2259 finalis
541 2223 668 2265 passiva
679 2234 683 2266 ;
711 2223 872 2266 perseverantia

50 2302 100 2330 vero
126 2295 229 2331 activa
253 2293 382 2337 intelligitur
394 2294 517 2337 permansio
530 2294 552 2330 in
565 2294 620 2331 bene
633 2295 744 2337 operando
758 2294 784 2332 ab
797 2295 872 2332 ultima

50 2362 201 2404 iustificatione
213 2376 280 2410 usque
294 2365 321 2403 ad
334 2368 432 2403 mortem.

101 2436 220 2482 Utrumque
236 2438 387 2481 complectitur
402 2438 482 2475 donum
496 2437 670 2481 perseverantiae
686 2437 766 2483 finalis;
783 2442 873 2482 possunt

50 2508 120 2545 tamen
133 2520 179 2547 esse
191 2520 259 2553 casus,
271 2509 382 2553 inquibus
394 2509 556 2553 perseverantia
567 2509 638 2546 finalis
651 2513 682 2548 est
695 2511 764 2547 solum
777 2510 872 2554 passiva;

50 2576 83 2617 ita'
94 2580 117 2617 in
131 2581 252 2619 infantibus
265 2581 387 2625 baptizatis,
402 2581 440 2626 qui
455 2584 504 2619 ante
519 2592 581 2618 usum
597 2581 689 2619 rationis
704 2582 836 2627 moriuntur;
853 2585 874 2619 et

50 2647 72 2687 in
88 2652 174 2696 adultis,
190 2653 227 2698 qui
245 2653 316 2690 statim
332 2653 365 2690 vel
380 2653 441 2691 brevi
458 2656 506 2696 post
523 2653 620 2690 ultimam
638 2653 813 2691 iustificationem
830 2665 873 2691 mo·

51 2720 142 2763 riuntur.
