1952 3093
463 16 584 54 -222-

164 140 191 178 Et
208 141 286 178 iterum
303 143 380 185 quarto
399 139 505 184 capitulo:
524 140 553 178 Ut
570 140 669 184 quisquis
687 139 773 183 dixerit,
791 140 882 183 gratiam
898 141 937 177 Dei

111 225 150 257 per·
162 214 232 250 lesum
244 212 356 251 ‘Christum
369 215 459 257 propter
470 213 512 250 hoe
525 216 608 250 tantum
622 223 662 250 nos
674 212 777 250 adiuvare
791 212 818 250 ad
832 223 876 249 non
889 223 939 256 pee-

112 286 212 329 candum,
229 285 280 330 quia
295 296 335 328 per
351 286 421 329 ipsam
439 285 502 322 nobis
520 285 627 322 revelatur
643 289 663 322 et
681 284 778 329 aperitur
795 286 938 329 intelligentia

112 359 270 401 mandatorum,
285 361 308 395 ut
324 358 425 403 sciamus
439 359 492 403 quid
509 361 610 402 appetere
625 361 646 395 et
661 358 714 403 quid
731 358 799 395 vitare
817 357 938 401 debeamus,

112 440 155 468 non
169 434 241 468 autem
254 442 295 474 per
308 431 368 467 illam
383 431 446 468 nobis
460 431 572 474 praestari,
587 433 610 467 ut
624 430 683 475 quod
697 430 823 467 iaciendum
838 431 938 474 eognovi-

111 514 158 540 mus
173 504 235 541 etiam
249 504 321 541 tacere
336 503 450 547 diligamus
466 508 528 547 atque
541 504 656 547 valeamus,
669 500 694 540 ῙΑ,
708 503 727 541 S.
742 502 795 540 Cum
809 503 867 540 enim
882 503 940 540 dicat

111 575 237 618 Apostolus:
253 575 349 612 Scientia
361 575 428 619 inflat,
441 577 520 613 caritas
533 586 585 612 uero
599 575 704 619 aedificat,
718 575 781 612 valde
794 575 887 619 impium
900 579 938 617 est,

112 647 267 689 ut'eredamus,
278 647 306 683 ad
317 657 372 690 eam,
385 658 439 691 quae
451 647 517 692 inflat,
530 658 571 684 nos
582 646 662 684 habere
674 648 766 690 gratiam
779 646 867 690 Christi,
880 648 939 684 etad

113 729 166 761 eam,
180 729 234 762 quae
249 717 354 761 aedificat,
368 718 512 761 non'habere‚
527 729 575 755 oum
590 718 618 755 sit
631 721 746 762 utrumque
762 718 843 755 donum
856 718 903 762 Dei,
919 723 939 755 et

113 791 175 835 seire,
187 790 240 834 quid
252 790 325 828 iacere
337 790 459 834 debeamus,
471 794 492 828 et
505 790 601 834 diligere,
613 793 637 828 ut
650 790 762 835 iaciamus,
775 794 799 828 ut
812 790 939 828 aedificante

113 863 209 908 caritate,
223 862 315 900 scientia
330 873 374 901 non
389 863 459 907 possit
472 862 554 900 inflare.
570 862 630 900 Siout
645 866 715 900 autem
732 867 757 900 de
772 863 818 900 Deo
833 863 938 907 seriptum

113 938 155 972 est:
172 935 211 979 Qui
226 935 289 973 docet
299 935 410 974 hominem
424 935 544 979 seientiam,
557 936 587 972 ita
600 935 705 979 scriptum
719 938 751 973 est
763 935 839 972 etiam:
856 935 939 973 Caritas

114 1018 139 1044 ex
154 1007 199 1044 Deo
215 1011 252 1044 est.

167 1079 220 1116 Item
234 1080 311 1124 quinto
325 1080 430 1124 capitulo:
447 1079 475 1118 Ut
490 1080 588 1124 quisquis
603 1080 689 1124 dixerit,
704 1080 754 1117 ideo
770 1080 833 1119 nobis
848 1081 939 1123 gratiam

113 1152 273 1189 iustificationis
287 1153 341 1196 dari,
354 1156 383 1196 ut,
395 1154 453 1196 qnod
467 1153 539 1190 facere
552 1164 591 1196 per
602 1152 695 1190 liberum
708 1152 808 1190 iubemur
820 1152 940 1194 arbitrium,

113 1226 200 1261 facilius
218 1226 325 1268 possimus
342 1226 433 1269 implere
451 1237 490 1268 per
506 1227 603 1268 gratiam,
620 1228 722 1269 tanquam
739 1228 760 1262 et
776 1226 794 1261 si
810 1225 879 1268 gratia
896 1236 940 1262 nou

114 1297 207 1340 daretur,
225 1308 269 1334 uon
288 1297 375 1340 quidem
395 1297 465 1340 facile,
484 1298 521 1334 sed
539 1300 609 1334 tamen
628 1297 736 1340 possimus
756 1297 820 1334 etiam
837 1297 884 1333 sine
903 1297 939 1333 illa

114 1370 203 1411 implere
219 1369 293 1405 divina
306 1369 414 1413 mandata,
427 1369 450 1405 A.
465 1369 484 1406 S.
499 1370 530 1406 De
543 1369 649 1406 fructibus
663 1369 721 1406 euim
735 1369 887 1406 mandatorum
900 1369 941 1405 Do-

114 1440 186 1477 minus
198 1439 332 1484 loquebatur,
346 1440 384 1476 uhi
398 1451 442 1477 non
455 1440 496 1477 ait:
515 1440 564 1477 Sine
580 1451 613 1476 me
629 1440 739 1477 difficilius
755 1440 845 1484 potestis
861 1433 938 1482 iacere,

114 1511 152 1548 sed
165 1511 206 1549 ait:
223 1511 273 1549 Sine
287 1522 321 1548 me
336 1511 393 1548 nihil
405 1512 496 1554 potestis
511 1512 644 1548 tacere»²³⁵.

169 1584 232 1622 Cone
249 1594 412 1625 inausrcanuiu,
430 1595 476 1622 can.
494 1584 529 1622 10:
550 1584 706 1621 «Adiutorium
723 1584 762 1621 Dei
778 1584 843 1621 etiam
860 1583 940 1621 renatis

115 1668 139 1694 ac
153 1657 234 1694 sanatis
248 1667 333 1699 semper
347 1659 379 1694 est
391 1656 559 1700 implorandum,
571 1660 595 1693 ut
608 1656 711 1694 adfinem
723 1656 804 1694 bonum
818 1656 939 1700 pervenire,

114 1729 147 1765 vel
161 1729 184 1765 in
197 1729 255 1766 bono
269 1729 354 1772 possint
366 1739 431 1772 opere
444 1729 562 1772 perdurare
571 1741 581 1764 »
591 1732 624 1765 ²³⁶.

169 1801 232 1839 conc.
246 1810 397 1837 rnrbrnrmum
411 1801 436 1838 de
449 1801 503 1844 ipsis
517 1801 579 1837 iustis
593 1800 657 1838 dicit:
674 1800 820 1838 «Formidare
834 1801 892 1838 enim
906 1801 940 1837 de-

114 1874 172 1917 bent,
186 1874 285 1916 scientes,
300 1874 358 1918 quod
372 1873 394 1909 in
410 1884 469 1916 spem
485 1873 565 1916 gloriae
581 1877 601 1910 et
616 1873 713 1910 nondum
727 1873 751 1909 in
765 1873 856 1920 gloriam
870 1874 939 1909 renati

115 1948 170 1988 sunt,
183 1946 208 1982 de
219 1955 298 1989 pugna,
308 1956 362 1989 quae
375 1948 472 1988 superest
482 1956 531 1981 eum
544 1955 615 1987 carne,
625 1956 674 1982 cum
685 1945 773 1988 mundo,
786 1956 834 1982 cum
846 1944 939 1984 diaholo.

115 2018 138 2053 in
151 2028 192 2061 qua
205 2017 299 2054 dotores
311 2028 358 2054 esse
369 2026 414 2054 non
425 2020 522 2059 possunt,
535 2017 578 2053 nisi
592 2028 640 2053 eum
653 2017 693 2054 Dei
706 2017 776 2060 gratia
788 2017 891 2060 Apostolo
904 2016 940 2054 ob-

115 2092 235 2132 temperent
250 2088 343 2126 dioenti:
360 2088 475 2125 Debitores
488 2100 562 2125 sumus
577 2099 621 2125 nou
638 2089 706 2132 earni,
721 2091 745 2125 ut
760 2089 878 2126 seeundum
895 2099 940 2125 car-

115 2171 164 2197 nem
180 2160 284 2198 vivamus.
301 2160 322 2198 Si
338 2160 396 2197 enim
411 2160 530 2197 seeundum
546 2171 633 2197 earnem
648 2159 754 2202 vixeritis.
770 2160 901 2214 moriemini.
918 2160 939 2197 Si

116 2235 185 2268 autem
200 2232 278 2275 spiritu
291 2233 347 2269 laete
361 2233 433 2269 earnis
444 2231 633 2275 mortificaveritis,
645 2232 723 2270 vivetis
731 2244 742 2267 »
751 2235 784 2268 2³⁷.

169 2305 193 2340 ln
206 2304 241 2341 his
255 2303 349 2342 textibus
361 2303 407 2340 sine
422 2303 488 2341 dnbio
503 2303 583 2340 dicitur
595 2303 705 2341 hominem
719 2304 766 2340 sine
779 2304 846 2347 gratia
859 2303 939 2341 Christi

116 2387 159 2413 non
176 2387 240 2419 posse
257 2376 371 2413 observare
388 2376 489 2412 mandata
505 2376 550 2417 Dei,
568 2377 655 2413 vincere
671 2377 693 2412 in
711 2385 789 2419 pugna.
805 2375 853 2413 Non
871 2380 940 2413 autem

165 2561 191 2581 Ἠῶ
204 2558 262 2588 Denz.
275 2558 309 2589 136
320 2566 345 2589 ss.

165 2621 193 2643 2³ss
205 2618 258 2650 Denz
270 2617 304 2651 183
315 2628 340 2651 ss.

164 2682 191 2703 ²3⁷
205 2679 262 2710 Deua.
276 2679 316 2711 8⁰6.
