1952 3093
355 283 556 325 lansentus

97 451 161 488 Ideae
174 454 194 488 et
209 451 332 488 tendentiae
347 451 438 488 baianae
453 453 502 495 post
517 450 678 488 damnationem
692 460 735 487 non
750 449 870 487 cessabam.

46 525 97 564 Cum
111 523 188 561 harum
202 523 300 560 idearum
314 523 434 560 fautoribus
449 522 549 560 intimam
564 522 691 560 relationem
705 521 781 559 hahuit
802 520 870 559 Cor·
933 552 935 556 ,

42 607 56 633 n
64 608 75 633 e
82 596 90 632 l
97 596 105 632 i
112 606 144 633 us
161 594 174 632 J
181 606 193 632 a
201 605 215 631 n
224 605 233 631 s
242 607 252 632 e
261 605 288 638 n,
304 595 405 638 yprensis
423 594 561 639 episcopus1.
579 594 701 632 Secundum
719 594 765 632 eius
783 597 867 631 senten-

45 669 96 706 tiam
107 667 197 711 plurimi
210 677 253 704 non
267 667 310 704 iam
322 677 395 704 veram
408 678 424 704 s.
436 666 551 710 Augustini
566 667 687 704 doctrinam
702 667 728 704 de
741 666 809 710 gratia
821 676 870 710 pro-

45 742 169 785 posuerunt,
186 739 220 776 vel
236 739 262 777 ab
280 739 326 776 eius
344 739 444 776 doctrina
461 739 590 783 recedendo,
609 739 642 776 vel
660 739 714 776 ialso
733 738 870 782 explicando,

45 814 159 857 propterea
171 811 287 855 genuinam
299 814 320 848 et
329 822 402 849 veram
414 811 536 848 doctrinam
548 811 643 849 doctoris
655 812 737 855 gratiae
747 821 870 854 proponere

46 884 121 928 voluit;
132 884 162 920 ad
172 883 231 920 bunc
241 883 306 931 finem
318 894 358 927 per
368 884 446 921 multos
457 894 525 921 annos
538 884 583 921 eius
595 883 697 927 operibus
709 882 797 927 studuit,
810 882 870 919 cuius

46 955 112 994 studii
127 955 209 993 fructus
225 958 257 993 est
272 966 326 999 opus
342 954 498 1000 «Augustinus,
514 966 551 993 seu
565 956 665 993 doctrina
680 955 699 993 S.
713 954 827 999 Augustini
844 955 870 991 de

45 1028 151 1065 humanae
164 1030 253 1065 naturae
267 1027 365 1072 sanitate,
379 1028 520 1071 aegritudine,
535 1028 644 1065 medicina
659 1028 762 1083 adversus
776 1027 871 1071 Pelagia-

47 1110 85 1137 nos
102 1102 123 1137 et
139 1099 311 1142 Massilienses»,
329 1099 352 1136 in
368 1110 411 1145 quo
430 1101 581 1144 componendo
600 1111 667 1144 usque
686 1100 713 1136 ad
731 1099 796 1137 finem
814 1099 871 1136 vitae

46 1183 95 1209 suae
111 1171 224 1215 laboravit,
241 1175 261 1209 et
278 1172 339 1209 cuius
355 1171 473 1209 editionem
491 1172 567 1209 amicis
585 1172 629 1209 suis
647 1173 770 1216 relinquere
789 1171 869 1209 debuit.

47 1243 166 1282 Sententias
182 1246 252 1281 autem
267 1244 290 1280 in
306 1255 331 1281 eo
347 1245 456 1288 expositas
469 1244 552 1282 iudicio
568 1244 588 1281 S.
603 1244 664 1282 Sedis
680 1243 795 1281 subiecit2.
811 1243 869 1287 Opus

47 1315 114 1353 tribus
130 1316 196 1353 tomis
212 1318 301 1360 constat,
317 1316 340 1353 in
356 1327 448 1360 quorum
464 1316 535 1360 primo
553 1316 671 1353 «haereses
687 1319 708 1353 et
724 1327 795 1353 mores
812 1315 870 1353 Pela-

46 1387 75 1431 gii
89 1391 164 1425 contra
178 1390 267 1425 naturae
278 1388 386 1426 humanae
399 1389 519 1431 sanitatem,
533 1388 690 1432 aegritudinem
705 1391 725 1425 et
739 1388 870 1426 medicinam

48 1470 72 1497 ex
88 1459 107 1497 S.
121 1458 239 1503 Augustino
254 1463 395 1497 recensentur
409 1471 434 1498 ac
450 1461 597 1498 refutantur».
821 1511 823 1514 Ι

98 1531 123 1567 In
135 1532 230 1569 secundo
244 1535 301 1570 tomo
315 1532 433 1570 «Genuina
445 1532 551 1570 sententia
564 1532 584 1570 S.
597 1532 710 1588 Augustini
725 1533 751 1570 de
763 1533 870 1570 humanae

50 1606 137 1641 naturae
149 1604 231 1647 stantis,
242 1605 322 1648 lapsae,
333 1616 400 1648 purae
410 1588 466 1642 statu
477 1608 497 1642 et
506 1605 590 1642 viribus
602 1605 684 1642 eruitur
695 1608 715 1642 et
726 1604 873 1660 explicatur».

49 1674 113 1713 Libro
124 1675 189 1714 unico
202 1675 245 1720 agit
257 1676 283 1714 de
295 1676 364 1720 gratia
376 1676 443 1720 primi
455 1676 551 1714 hominis
564 1681 584 1714 et
597 1677 728 1720 angelorum.
742 1675 829 1714 Creatus
843 1680 874 1714 est

50 1746 117 1784 Adam
132 1748 155 1785 in
170 1748 239 1792 gratia
256 1750 277 1786 et
293 1748 406 1786 sanctitate
426 1748 482 1792 (cap.
500 1748 526 1792 1),
543 1748 590 1786 sine
608 1748 798 1792 concupiscentiae
815 1752 874 1787 motu

53 1818 108 1863 (cap.
122 1819 152 1864 2);
168 1820 222 1857 nulli
238 1820 327 1857 omnino
344 1831 413 1865 neque
429 1821 491 1864 parvi
508 1831 577 1865 neque
593 1821 665 1864 magni
683 1820 822 1858 excellentiae
839 1824 875 1858 aut

50 1890 119 1928 laudis
137 1894 172 1929 aut
189 1891 303 1936 superbiae
320 1896 390 1929 motus
407 1895 470 1937 atque
486 1893 616 1930 tentationes
633 1896 681 1929 ante
698 1895 811 1936 peccatum
829 1904 874 1930 esse

51 1965 166 2005 potuerunt
178 1964 233 2008 (cap.
244 1964 274 2009 3);
287 1967 373 2009 eratque
383 1964 467 2008 primus
477 1965 542 2002 homo
552 1965 680 2002 immortalis
693 1965 749 2008 (cap.
760 1965 787 2007 4).

102 2034 197 2073 Adamus
212 2036 305 2074 liberum
319 2036 395 2074 habuit
411 2036 525 2074 arbitrium
545 2026 600 2081 (cap.
616 2037 643 2079 6),
659 2037 751 2082 «Itaque
766 2036 876 2092 mobiliter

51 2106 118 2145 Adam
134 2119 173 2152 per
189 2108 250 2145 illum
266 2119 360 2146 amorem
377 2109 481 2146 creatoris
497 2108 553 2146 liber
570 2109 617 2152 fuit,
634 2112 657 2163 ut
675 2108 775 2147 excidere
792 2111 874 2153 posset3

52 2179 105 2215 etin
118 2192 142 2218 eo
153 2191 286 2224 permanere,
300 2181 318 2218 si
331 2181 405 2218 vellet:
421 2183 483 2225 atquc
496 2182 526 2218 ita
537 2181 559 2216 in
572 2181 666 2225 quodam
678 2180 772 2219 confinio
785 2181 842 2218 vitae
856 2184 876 2218 et

52 2252 126 2289 mortis
140 2252 275 2295 constitutus,
288 2256 311 2290 ut
324 2252 454 2296 utramlibet,
468 2254 535 2289 vitam
549 2257 584 2290 aut
597 2256 688 2290 mortem
702 2253 807 2298 elegisset,
819 2255 876 2290 utra·

51 2321 103 2360 libet
117 2324 160 2367 ipsi
173 2328 266 2368 aeterna,
280 2329 300 2362 et
313 2335 353 2368 per
366 2325 415 2367 hoc,
430 2328 516 2362 aeterna
529 2336 613 2369 quoque
627 2324 722 2369 libertas
735 2326 769 2362 vel
784 2304 875 2362 servitus

52 2418 195 2428 Ἠ

99 2486 184 2521 1Natus
202 2486 254 2526 1585,
270 2486 372 2527 professor
388 2486 516 2525 lovaniensis,
534 2487 580 2520 1636
596 2487 699 2526 episcopus
717 2486 814 2526 yprensis,
832 2486 878 2520 1638

54 2547 153 2586 mortuum
166 2547 217 2581 alius
229 2547 285 2581 abeo
295 2550 325 2581 est
336 2547 439 2581 Cornelius
448 2547 521 2581 Jansen
532 2549 617 2586 exregem,
629 2546 731 2587 episcopus
743 2547 879 2586 gandavensis.

99 2608 108 2630 *2
121 2606 202 2639 Editum
217 2610 246 2640 est
261 2617 310 2646 opus
325 2607 390 2646 primo
404 2607 486 2640 Lovanii
501 2607 555 2646 164ος
572 2607 619 2640 haec
635 2607 696 2640 editio
711 2607 731 2640 in
748 2607 877 2647 sequentihus

53 2662 130 2698 citatur.
