1952 3093
469 45 577 84 -54-

114 165 174 203 titiae
192 165 315 209 coniuncta,
333 168 356 202 ut
374 164 472 210 quamvis
491 165 537 203 sine
555 176 579 203 ea
595 165 665 209 possit
683 164 787 208 simulari,
806 174 849 202 non
868 166 939 202 tamen

113 236 190 275 haberi
200 240 236 274 aut
247 237 331 282 acquiri
339 249 350 274 »
358 242 373 275 ⁶.
385 237 570 282 Quemadmodum
581 236 647 281 igitur
657 236 835 281 concupiscentia
845 237 880 274 vel
890 236 939 274 libi-

116 311 149 354 do,
161 311 247 354 quando
259 311 282 347 in
294 310 412 354 Scripturis
424 311 492 349 sacris
502 311 569 348 animi
581 313 662 347 motum
674 309 803 355 significant,
815 309 871 347 nihil
882 309 941 347 aliud

116 386 146 421 est
159 394 223 428 quam
236 394 296 421 amor
308 384 385 421 mundi
397 395 434 422 sen
446 395 506 421 amor
519 387 635 426 creaturae,
648 383 685 428 qui
699 384 726 421 ad
739 383 807 420 Deum
819 392 863 420 non
875 382 940 419 refer·

115 459 169 494 tur...
185 456 216 493 sic
233 457 297 493 ctiam
313 457 392 493 caritas
407 457 449 494 hoc
463 456 579 500 posteriori
595 456 666 501 modo,
683 456 739 493 nihil
755 455 815 493 aliud
829 458 861 493 est
876 466 940 499 quam

116 539 176 566 amor
192 529 225 565 vel
244 528 331 566 dilectio
347 529 394 573 Dei,
409 540 463 574 qnae
479 529 553 566 eadem
570 529 635 566 etiam
652 529 717 567 arbor
732 529 790 566 bona
806 530 827 565 et
842 528 940 565 voluntas

113 600 170 638 bona
181 600 280 638 dicitur...
289 601 321 637 An
330 611 381 638 vero
390 605 476 645 praeter
483 601 542 637 hunc
550 601 617 638 animi
627 603 708 638 motum
717 600 754 645 qui
764 600 842 637 caritas
852 599 938 643 dicitur,

117 674 158 711 alia
169 674 275 718 quaedam
287 674 403 712 habitualis
416 678 478 719 atque
491 673 632 711 accidentalis
643 674 734 718 qualitas
747 673 770 710 in
782 674 892 710 voluntate
904 683 941 716 po-

114 746 186 783 nenda
195 746 222 783 sit
232 757 286 790 quae
296 745 361 783 etiam
372 747 450 784 caritas
460 749 603 790 nuncupetur,
612 757 656 783 non
667 756 797 790 magnopere
808 745 938 783 contenden-

118 818 167 855 dum
179 818 289 863 existim0;
300 818 350 863 quia
361 819 425 856 facile
436 818 528 862 intelligi
539 821 615 863 potest,
626 828 669 856 non
680 821 763 856 tantum
775 818 842 855 animi
853 795 940 861 moturd,

117 891 155 927 sed
169 890 233 927 etiam
247 891 381 928 conformem
395 891 488 935 aliquem
501 890 599 928 habitum
613 890 708 928 diffundi
721 901 785 934 posse
798 890 822 926 in
837 889 940 927 cordibus

117 963 204 1007 nostris,
215 963 368 1007 perspiritum
381 963 482 1001 Sanctum
494 964 531 1008 qui
544 964 605 1000 datus
616 966 647 1000 est
657 963 731 1001 nobis:
747 963 784 1000 sed
797 973 823 999 an
835 963 858 999 in
871 962 942 1006 Scrip-

117 1036 171 1073 turis
185 1036 252 1073 sacris
264 1036 357 1079 reperiri
370 1040 433 1080 queat
448 1035 550 1073 distincta
564 1039 584 1073 et
598 1038 672 1079 aperta
685 1036 749 1073 huius
761 1034 848 1072 habitus
860 1034 941 1072 mentio

118 1108 157 1145 snb
172 1108 259 1145 nomine
275 1108 377 1152 caritatis,
393 1108 434 1145 alia
448 1108 544 1152 quaestio
560 1111 597 1152 est,
612 1119 676 1152 quam
691 1108 747 1145 nihil
762 1119 816 1150 opus
830 1118 876 1145 esse
891 1106 942 1144 duxi

115 1180 216 1218 hocloco
230 1180 343 1223 discutere,
356 1180 406 1225 quia
419 1183 467 1218 actu
479 1181 571 1224 cognito,
584 1180 648 1218 facile
661 1180 725 1217 estin
737 1179 823 1217 habitus
836 1178 940 1224 cognitio·

116 1263 166 1289 nem
176 1252 250 1289 venire
259 1265 269 1288 »
278 1256 293 1289 ⁷.

172 1325 213 1362 Hic
228 1325 324 1362 caritatis
338 1328 408 1363 motus
423 1336 467 1363 non
483 1329 514 1362 est
529 1337 554 1363 ex
570 1325 639 1369 nobis,
655 1326 693 1363 sed
708 1337 734 1363 ex
748 1325 792 1362 Deo
806 1325 872 1369 idque
886 1325 943 1361 valet

119 1408 162 1434 non
176 1398 244 1435 solum
260 1398 285 1435 de
301 1397 417 1435 dilectione
431 1398 471 1434 Dei
485 1401 508 1434 ut
522 1398 681 1441 beatificatoris,
697 1398 734 1435 sed
748 1396 812 1434 etiam
825 1400 848 1434 111
863 1399 943 1434 creato-

119 1471 149 1507 ris
157 1474 172 1506 ⁸.
186 1470 260 1508 Omnis
276 1481 336 1508 amor
351 1473 461 1508 creaturae
475 1470 587 1507 rationalis
602 1473 632 1507 est
647 1470 725 1507 caritas
741 1472 776 1506 aut
790 1469 869 1507 vitiosa
884 1469 943 1513 cupi-

120 1543 175 1580 ditas
183 1546 198 1578 ⁹.
747 1522 750 1529 ⁴

172 1614 244 1652 Animi
261 1619 331 1654 motus
348 1616 385 1660 qni
403 1617 483 1654 dicitur
500 1617 585 1662 caritas,
602 1621 673 1661 potest
687 1619 818 1662 praecedere
835 1619 943 1656 remissio-

120 1698 169 1725 nem
184 1691 329 1731 peccatorum.
346 1688 418 1726 «Cum
433 1689 553 1734 quaeritur:
570 1693 641 1728 utrum
657 1691 735 1728 caritas
752 1691 816 1728 etiam
831 1691 854 1728 in
869 1691 896 1728 iis
912 1702 944 1729 re-

120 1761 216 1803 periatur
228 1761 265 1805 qni
278 1761 375 1798 nondum
390 1762 500 1799 consecuti
516 1766 565 1800 sunt
577 1763 728 1800 remissionem
742 1766 881 1806 peccatorum
895 1774 944 1807 pro-

119 1836 167 1876 pter
180 1833 267 1877 longum
281 1834 369 1871 alterius
381 1834 450 1877 partis
463 1835 632 1879 praeiudicium;
648 1839 668 1872 et
681 1835 732 1880 quia
745 1835 843 1880 plerique
857 1846 896 1879 per
911 1846 944 1872 ca-

120 1906 211 1950 ritatem,
224 1917 267 1942 non
281 1906 324 1942 nisi
338 1906 436 1943 habitum
449 1907 564 1950 quemdam
576 1907 705 1951 intelligunt,
718 1918 760 1952 quo
774 1907 859 1945 homini
873 1910 944 1945 insen-

121 1978 213 2015 sibiliter
225 1979 297 2016 infuso
309 1978 345 2016 fiat
355 1982 494 2022 peccatorum
506 1979 602 2016 omnium
614 1980 720 2024 remissio,
732 1980 799 2024 etqui
812 1980 859 2025 sine
871 1981 944 2017 remis-

121 2051 181 2088 sione
198 2043 337 2094 peccatorum
354 2052 442 2089 infundi
460 2062 504 2088 non
522 2052 597 2096 possit,
614 2063 647 2088 res
665 2049 770 2096 quaedam
789 2052 944 2089 absurdissima

121 2124 195 2167 quaeri
209 2127 305 2168 putatur;
321 2124 371 2168 quia
385 2125 443 2167 apud
456 2124 563 2161 eiusmodi
576 2124 675 2161 homines
690 2128 798 2168 tamquam
814 2128 896 2162 certum
909 2125 945 2161 ha·

121 2196 184 2233 heinr
200 2196 258 2240 quod
275 2197 370 2240 primum
386 2197 409 2233 in
426 2196 574 2241 quaestionem
591 2196 665 2234 venire
684 2195 764 2240 debuit,
781 2207 858 2240 nempe
877 2207 903 2234 an
922 2197 944 2233 in

123 2268 240 2311 Scripturis
252 2269 326 2312 sacris,
338 2269 426 2306 nomine
437 2268 533 2307 caritatis
545 2269 593 2306 talis
606 2269 719 2313 qnisquam
730 2268 817 2306 habitus
830 2269 857 2306 sit
867 2268 945 2306 intelli-

171 2475 179 2496 ⁶
192 2472 257 2511 Baius,
269 2472 296 2505 De
308 2472 396 2511 caritate,
409 2471 488 2505 iustitia
500 2474 518 2504 et
532 2472 677 2511 iustificatione,
689 2472 735 2504 libri
749 2474 795 2504 tres.
809 2472 828 2504 L.
842 2473 858 2511 1,
872 2482 913 2511 cap.
927 2472 946 2510 1;

123 2533 145 2564 in
159 2532 205 2565 edit.
219 2527 313 2565 Coloniae
326 2532 445 2571 Agrippinae
459 2532 511 2571 1696,
525 2540 568 2571 pag.
582 2532 610 2565 89.

172 2597 179 2617 ⁷
193 2592 242 2625 ibid.
256 2603 297 2632 cap.
312 2593 331 2632 2;
345 2601 387 2632 pag.
402 2593 430 2626 91.

172 2656 180 2679 8
193 2652 242 2686 Ihid.
253 2664 294 2693 cap.
305 2653 314 2687 3
327 2656 347 2686 et
357 2653 373 2693 4,
385 2662 428 2693 pag.
440 2653 462 2687 92
475 2664 498 2692 s.;
512 2654 537 2686 ci.
549 2664 603 2693 prop.
616 2653 644 2686 34.

172 2717 180 2739 9
194 2713 239 2753 Cap.
251 2714 270 2753 6;
284 2721 327 2754 pag.
341 2714 363 2747 95
376 2725 391 2747 s.
