1952 3093
458 49 579 87 —122-

106 172 171 209 modo
184 175 255 208 tamen
269 171 364 209 habendi
378 172 437 208 illam
451 174 550 208 naturam
562 174 594 208 est
605 171 723 208 maximum
737 170 866 207 discrimen:
881 181 931 208 111111

107 244 200 281 Verbum
216 244 314 280 divinum
329 244 358 280 ita
372 244 431 280 illam
446 243 536 287 accepit,
552 248 574 281 ut
588 244 616 280 sit
630 243 663 279 illi
678 243 738 280 unita
753 242 897 280 essentialiter
912 248 932 280 et

108 327 147 359 per
159 316 303 359 identitatem
317 316 440 352 humanitas
454 326 504 352 vero
517 326 563 352 earn
576 315 656 358 accipit
669 318 692 352 ut
703 314 791 351 uniatur
804 315 823 351 ei
834 314 932 351 substan-

109 388 189 425 tialiter
204 399 243 430 per
259 387 435 425 coniunctionem
452 387 474 423 111
491 387 566 424 eadem
581 387 703 432 hypostase
720 387 782 424 iustis
798 397 848 423 vero
864 386 932 424 solum

108 470 148 502 per
166 460 268 496 accidens
285 460 395 504 quoddam
415 459 559 503 coniungitur,
578 470 655 503 nempe
673 469 713 502 per
730 459 834 496 unionem
852 458 933 502 gratiae

109 532 252 569 iustificantis.
267 532 329 569 Unde
344 532 413 575 gratia
427 531 545 570 iustificans
562 532 681 568 secundum
698 542 757 568 suam
771 530 886 574 physicam
902 541 934 568 ra-

109 604 190 641 tionem
201 604 258 640 nude
270 604 407 641 considerata
417 604 530 640 constituit
540 614 579 641 nos
589 603 645 641 lilios
656 604 695 640 Dei
707 614 750 640 non
761 606 785 640 ut
795 602 865 640 torma
875 602 934 646 prin-

110 675 188 719 cipalis
200 686 212 711 a
223 687 265 719 qua
277 676 375 712 dicamur
386 675 425 712 tilii
440 676 501 717 (haec
513 676 571 712 enim
584 679 616 712 est
627 675 675 719 ipsa
687 675 790 712 divinitas
803 674 865 712 nobis
879 685 934 711 com-

111 748 235 792 municata),
252 748 289 784 sed
306 752 329 784 ut
344 748 455 784 vinculum
472 750 492 784 et
508 748 560 784 unio
578 747 636 784 illius
654 747 747 785 formae:
767 757 808 790 quo
826 746 891 784 modo
908 747 934 784 ah

112 819 192 856 unione
210 819 347 862 hypostatica
366 820 402 856 ille
419 820 484 857 homo
504 819 584 856 dicitur
602 818 669 856 Filius
686 819 732 855 Dei.
751 818 811 856 Sicut
829 819 887 855 enim
904 818 935 855 ibi

112 891 163 928 unio
181 891 318 935 hypostatica
335 903 356 928 se
373 891 437 928 habet
454 891 523 928 instar
539 891 621 928 vinculi
639 901 682 928 non
700 891 782 928 formae
799 890 935 934 principalis,

112 963 142 999 ita
154 963 191 999 hic
204 964 273 1006 gratia
286 962 452 1000 iustificationis.
464 963 533 999 Habet
545 966 615 1000 autem
628 962 697 1006 gratia
707 962 868 1000 iustificationis
879 962 936 998 hanc

113 1035 157 1071 vim
172 1045 215 1071 non
232 1046 257 1071 ex
271 1035 329 1071 nuda
344 1045 382 1071 sua
398 1035 485 1071 entitate
500 1034 598 1078 physica,
614 1034 652 1071 sed
668 1034 846 1072 exordinatione
862 1034 937 1070 divina

114 1118 185 1143 rerum
201 1107 283 1144 naturis
299 1110 450 1144 consentanea.
466 1107 529 1143 Nulla
544 1107 601 1143 enim
617 1110 662 1143 erat
677 1107 769 1150 qualitas
784 1109 856 1143 creata
869 1107 937 1149 magis

115 1178 247 1215 conveniens
261 1178 359 1215 adhunc
373 1177 484 1215 effectum:
502 1179 559 1215 unde
573 1178 630 1215 Deus
645 1178 704 1215 illam
719 1178 801 1215 adhoc
815 1178 937 1221 assumpsit,

115 1250 176 1294 eique
190 1261 227 1287 suo
241 1250 327 1287 decreto
340 1250 397 1287 hanc
410 1250 454 1287 vim
467 1250 573 1287 stabiliter
586 1249 695 1288 annexuit.
707 1249 817 1287 Differunt
828 1250 886 1286 enim
897 1249 938 1287 hae

116 1322 170 1358 duae
186 1322 280 1359 rationes
296 1321 404 1365 formales,
420 1333 465 1358 esse
480 1322 559 1358 iustum
575 1324 596 1358 et
610 1332 656 1359 esse
669 1320 737 1358 filium
752 1321 799 1358 Dei.
814 1321 866 1358 Esse
881 1321 938 1358 enim

115 1393 194 1430 iustum
209 1396 241 1429 est
256 1393 403 1430 denominatio
417 1393 536 1430 intrinseca
551 1405 563 1430 a
577 1393 659 1430 iustitia
675 1394 807 1436 inhaerente,
822 1404 861 1436 per
875 1403 938 1437 quam

115 1465 163 1508 quis
179 1465 203 1501 fit
219 1465 339 1501 conformis
355 1465 397 1509 legi
414 1465 510 1510 divinae;
527 1475 582 1509 quae
598 1465 681 1502 iustitia
697 1467 729 1502 est
746 1465 827 1502 donum
844 1467 940 1502 creatum

117 1537 210 1573 animam
225 1537 316 1573 interius
331 1547 444 1579 renovans,
460 1537 505 1573 sive
519 1536 657 1583 hocdonum
674 1537 808 1579 distinguant
824 1548 835 1573 a
851 1537 940 1573 caritate

117 1609 161 1644 sive
174 1619 224 1645 non.
237 1608 306 1645 Habet
319 1609 377 1645 enim
389 1608 431 1645 hoc
445 1609 525 1645 donum
538 1620 564 1645 ex
576 1612 653 1645 natura
666 1620 704 1645 sua
716 1608 814 1651 praecise
825 1608 884 1652 quod
897 1607 941 1644 1111-

117 1691 174 1716 mam
189 1681 267 1716 iustam
281 1691 318 1716 seu
332 1680 374 1723 legi
390 1680 523 1717 conformem
539 1680 611 1717 faciat.
626 1680 677 1717 Esse
694 1683 764 1717 autem
779 1680 846 1716 filium
861 1684 892 1716 est
908 1680 941 1716 de-

118 1751 238 1789 nominatio
255 1752 335 1795 partim
350 1752 470 1788 intrinseca
485 1752 510 1788 ah
528 1752 602 1789 eodem
619 1752 675 1789 dono
693 1752 794 1796 iuststiae,
811 1751 890 1795 partim
908 1762 942 1788 ex-

118 1823 213 1859 trinseca
229 1834 241 1860 a
257 1822 370 1860 divinitate
387 1823 450 1860 nohis
467 1824 625 1861 communicata
642 1827 662 1860 11
677 1823 819 1866 inhabitante,
834 1834 888 1867 quae
904 1834 943 1866 per

118 1894 161 1931 boc
174 1894 254 1932 donum
267 1894 330 1932 nobis
342 1895 423 1932 unitur.
435 1894 503 1932 Filius
516 1895 573 1932 enim
585 1895 625 1932 Dei
637 1898 669 1932 est
680 1895 715 1932 cui
728 1895 821 1938 Spiritus
834 1895 873 1932 Dei
886 1906 943 1932 ooni-

118 1965 248 2010 municatur‚
257 1969 281 2003 ut
292 1966 402 2010 colligitur
411 1978 437 2004 111
447 1966 544 2010 apostolo
557 1966 584 2004 ad
594 1967 648 2004 Rom
658 1967 683 2010 8,,
695 1969 715 2004 11
726 1967 799 2004 multis
812 1967 859 2004 aliis
872 1966 943 2010 Scrip-

119 2041 179 2074 turae
191 2038 253 2075 locis.
268 2037 444 2075 Communicatur
458 2041 528 2075 autem
541 2049 581 2082 per
595 2039 706 2075 caritatem
719 2039 782 2075 nobis
795 2039 943 2075 intrinsecam.

120 2110 193 2153 Itaque
208 2111 266 2153 qnod
281 2110 359 2147 caritas
375 2110 441 2146 iaciat
455 2109 523 2146 filium
538 2110 578 2146 Dei
593 2110 657 2147 habet
672 2111 751 2154 partim
767 2122 793 2146 ex
808 2098 885 2147 natura
900 2121 944 2152 sua,

120 2185 225 2225 quatenus
238 2181 314 2219 filiatio
329 2182 432 2225 supponit
447 2182 561 2226 iustitiam;
576 2183 655 2225 partim
670 2194 695 2219 ex
712 2183 786 2219 divina
800 2182 944 2224 ordinatione,

121 2256 226 2297 quatenus
239 2253 329 2290 ulterius
343 2254 406 2290 nohis
420 2253 468 2290 unit
482 2254 552 2297 ipsam
567 2253 709 2295 divinitatem,
724 2257 747 2290 111
761 2255 783 2290 in
798 2254 861 2291 nobis
876 2254 910 2298 sit,
926 2256 945 2290 et

121 2335 161 2361 nos
174 2336 199 2361 ex
211 2325 249 2362 illa
261 2325 359 2362 vivamus
371 2326 415 2362 vita
428 2325 542 2369 spirituali,
555 2328 575 2362 11
587 2326 624 2362 1111
636 2330 744 2369 tamquam
757 2326 829 2363 anima
839 2326 944 2370 quaedam

122 2397 292 2439 supernaturalis
310 2408 349 2433 nos
367 2397 390 2433 in
408 2397 508 2434 omnihus
526 2397 619 2434 motibus
639 2398 719 2434 nostris
739 2400 803 2441 regat.
821 2398 895 2442 Itaque
915 2399 945 2434 est

122 2468 174 2505 unio
187 2469 277 2505 motoris
290 2472 311 2506 et
323 2468 410 2506 mobilis
418 2481 429 2505 »
437 2472 471 2505 1¹25.

176 2539 253 2576 Paucis
269 2540 331 2576 annis
347 2543 396 2583 post
413 2540 462 2576 «De
477 2540 565 2577 Summo
582 2541 641 2578 Bono
650 2554 660 2576 »
678 2541 747 2578 edidit
762 2552 816 2584 opus
833 2542 883 2578 «De
900 2551 945 2584 per-

173 2706 199 2727 125
212 2702 239 2734 Dc
253 2712 329 2734 summo
343 2702 401 2739 hono,
414 2703 427 2734 l.
441 2703 457 2740 2,
471 2712 511 2740 cap.
526 2703 534 2733 l
547 2712 576 2734 nr.
590 2703 606 2734 1.
