1952 3093
313 672 627 721 INTRODUCTiO

110 955 166 992 Deus
180 964 247 998 genus
259 954 377 992 humanum
391 955 413 991 in
429 955 499 998 prima
515 954 560 991 eius
575 954 685 990 creatione
700 954 723 989 in
738 953 838 991 ordinem
854 963 886 990 su·

57 1028 216 1071 per-naturalem
227 1027 325 1070 elevavit,
335 1027 399 1064 finem
411 1027 445 1064 iili
458 1027 518 1064 dedit
530 1026 637 1064 visionem
649 1026 689 1063 Dei
702 1025 826 1063 intuitivam
838 1036 887 1063 cum

28 1103 29 1106 ’
58 1100 242 1144 correspondente
258 1110 331 1138 amore
345 1100 385 1137 Dei
402 1103 422 1137 et
436 1099 522 1143 gaudio,
538 1100 576 1144 qui
591 1098 641 1136 finis
656 1099 714 1137 vires
731 1102 751 1136 et
768 1097 886 1142 exigentias

58 1175 147 1210 naturae
164 1171 270 1209 humanae
288 1173 378 1209 omnino
396 1173 488 1210 excedit.
506 1172 600 1216 Speciali
618 1172 675 1209 dono
691 1171 803 1209 hominem
821 1170 887 1215 parti-

28 1266 31 1270 ,
59 1245 130 1288 cipem
144 1244 196 1282 fecit
211 1248 300 1282 naturae
317 1244 404 1282 divinae
421 1256 511 1290 eumque
527 1244 595 1282 filium
611 1245 651 1281 Dei
666 1244 793 1288 adoptivum
808 1242 887 1282 consti-

58 1317 107 1361 tuit;
123 1317 206 1354 viribus
221 1328 306 1362 quoque
320 1328 368 1355 eum
384 1318 490 1372 exstruxit
505 1320 525 1355 et
539 1316 620 1354 auxilia
635 1316 750 1360 concessit,
764 1319 788 1353 ut
803 1316 887 1353 actibus

31 1436 33 1440 Ι
59 1390 123 1426 statui
139 1400 177 1426 suo
192 1390 351 1433 supernaturali
366 1389 588 1433 correspondentibus
605 1389 632 1426 ad
649 1388 807 1426 assecutionem
823 1388 888 1426 huius

59 1461 107 1498 finis
126 1472 172 1499 sese
189 1465 335 1505 praepararet.
352 1462 424 1499 Primo
444 1465 514 1499 autem
533 1461 622 1499 homine
641 1463 745 1505 peccante
764 1471 831 1505 genus
850 1461 887 1498 hu·
936 1456 940 1463 '

59 1544 146 1571 inanum
160 1533 216 1571 dona
231 1534 268 1571 illa
282 1533 370 1579 abiecit;
385 1537 430 1571 tota
444 1533 527 1571 familia
540 1533 642 1578 humana,
657 1544 732 1571 omnes
746 1533 846 1571 homines
861 1533 887 1570 ab

59 1605 141 1643 Adamo
164 1606 257 1643 naturali
280 1605 418 1650 generatione
442 1606 604 1649 descendentes
628 1608 754 1649 peccatores
776 1605 888 1643 constituti

60 1681 115 1721 sunt,
130 1680 198 1715 totum
214 1687 280 1722 genus
297 1678 415 1715 humanum
432 1682 478 1715 erat
494 1689 565 1716 massa
582 1678 689 1722 damnata,
703 1673 776 1723 ‘neque
791 1678 888 1722 propriis

60 1750 143 1787 viribus
161 1759 248 1794 surgere
266 1754 287 1787 et
305 1751 328 1786 in
347 1751 463 1794 pristinam
483 1750 602 1787 amicitiam
622 1762 671 1788 oum
688 1750 733 1788 Deo
753 1751 833 1788 reverti
852 1761 888 1794 po·

61 1821 107 1859 tuit.
125 1822 182 1860 Deus
200 1826 270 1860 autem
288 1823 388 1860 misertus
408 1827 440 1861 est
457 1823 546 1867 generis.
562 1822 662 1867 humani;
682 1823 778 1860 secunda
795 1832 889 1867 persona

61 1894 135 1931 divina
149 1896 248 1932 naturam
263 1895 379 1933 humanam
395 1895 512 1939 assumpsit
527 1899 547 1932 et
562 1906 602 1939 pro
617 1904 695 1939 genere
709 1895 804 1933 humano
819 1895 889 1939 perte·

61 1969 117 2003 otam
130 1967 175 2003 Deo
188 1966 358 2004 satisfactionem
372 1977 413 2011 pro
427 1970 517 2011 peccato
531 1967 640 2011 praestitit
654 1970 675 2005 et
689 1967 746 2005 'dona
760 1967 840 2005 amissa
851 1968 889 2004 ite-

62 2048 109 2075 rum
127 2039 254 2082 promeruit.
273 2039 305 2075 Ita
323 2039 423 2076 homines
442 2039 465 2075 in
485 2049 580 2077 amorem
599 2043 618 2077 et
638 2039 758 2077 amicitiam
777 2050 826 2077 cum
844 2039 889 2077 Deo

62 2110 133 2147 redire
151 2114 248 2154 possunt.
266 2111 335 2149 Homo
353 2111 443 2148 liberari
461 2114 532 2155 potest
551 2124 562 2149 a
580 2115 677 2156 peccato,
695 2114 784 2164 naturae
802 2111 889 2149 divinae

61 2181 171 2227 particeps
190 2186 210 2220 et
228 2182 285 2220 titius
302 2183 342 2221 Dei
361 2183 477 2227 adoptivus
496 2183 552 2227 fieri3
571 2183 671 2228 accipere
690 2195 775 2229 quoque
793 2184 850 2221 vires
870 2186 890 2221 et

62 2253 148 2297 auxilia,
168 2254 247 2299 quihus
265 2254 293 2292 ad
310 2255 418 2292 visionem
437 2255 477 2293 Dei
497 2255 621 2293 intuitivam
641 2255 716 2294 venire
735 2258 813 2300 potest.
832 2256 890 2294 Haec

62 2325 135 2363 omnia
151 2329 222 2364 autem
239 2327 261 2363 in
279 2327 389 2371 praesenti
407 2327 485 2365 ordine
503 2328 646 2366 conteruntur
664 2340 689 2366 ex
707 2327 791 2366 meritis
809 2327 890 2367 Christi

62 2397 213 2443 redemptoris,
226 2399 284 2436 unde
298 2399 371 2437 omnia
384 2399 422 2437 itia
437 2399 494 2437 dona
508 2399 578 2444 gratia
592 2399 673 2438 Christi
688 2400 840 2445 Redemptoris
855 2411 890 2437 vo-

63 2472 145 2514 cantur,
155 2481 204 2508 cum
216 2470 273 2509 dona
283 2470 342 2509 Adae
354 2474 403 2509 ante
414 2475 527 2516 peccatum
538 2472 615 2510 collata
625 2473 695 2516 gratia
705 2473 746 2510 Dei
758 2473 802 2510 dici
814 2473 890 2511 solent.

63 2540 93 2578 De
108 2540 149 2579 hac
165 2542 233 2586 gratia
249 2541 330 2581 Christi
346 2543 504 2590 Redemptoris,
520 2555 562 2589 qua
575 2544 641 2582 homo
656 2545 730 2589 lapsus
747 2545 774 2582 ad
789 2545 890 2583 iustifica-

63 2611 144 2651 tionem
159 2614 293 2658 perducitur,
308 2615 408 2653 ethome
425 2607 552 2654 iustificatus
567 2616 595 2654 ad
611 2617 769 2655 assecutionem
784 2618 842 2654 vitae
858 2629 891 2654 ae-

63 2685 136 2723 ternae
149 2689 297 2731 praeparatur,
310 2687 333 2723 in
348 2688 458 2731 praesenti
472 2690 565 2726 tractatu
580 2700 650 2727 sermo
666 2692 704 2727 est.
