1952 3093
481 51 509 58 -
522 28 603 68 2701-

130 150 181 196 quia
192 149 243 188 dum
253 149 291 187 uni
302 148 403 187 resistere
413 148 496 193 nititur,
507 148 606 186 fortassis
617 148 672 186 alius
682 148 781 194 insurgit,
792 150 813 186 et
823 148 894 195 etiam,
904 153 955 196 quia

131 223 242 260 ratio‘non
253 233 339 267 semper
350 224 421 267 potest
431 232 477 259 esse
489 221 581 266 pervigil
593 221 621 258 ad
630 221 756 258 huiusmodi
767 224 838 258 motus
848 221 954 268 vitandos,

133 299 230 340 utsupra
241 296 365 334 dictumest
379 296 406 340 (1,
416 295 427 331 2
440 307 460 340 q.
472 295 496 332 74
509 305 527 332 a.
539 294 571 337 10)
581 307 592 331 »
601 298 634 330 ²2⁵.
646 334 648 336 ,

478 587 573 627 SECTIO
590 588 617 625 11.

445 724 491 770 De
518 724 653 770 mersto

185 905 313 942 Doctrinam
330 905 357 942 de
374 905 452 942 merito
468 904 586 942 concilium
604 905 747 942 tridentinum
767 904 864 942 definivit
880 907 955 943 contra

133 980 248 1015 novatores
262 977 343 1015 saeculi
357 977 388 1015 16.
414 977 489 1015 Luth
498 988 578 1014 erum
604 986 692 1020 negasse
706 977 807 1014 meritum
821 988 847 1014 ex
861 976 889 1014 iis
903 979 956 1021 quae

133 1060 180 1094 pag.
194 1051 219 1087 38
234 1062 251 1088 s.
266 1051 330 1087 citata
345 1054 394 1088 sunt
408 1053 473 1094 patet.
486 1050 560 1094 Neque
573 1050 679 1087 oblivioni
695 1050 797 1094 dandum,
811 1049 870 1094 quod
885 1060 957 1086 secun-

134 1122 185 1160 dum
199 1121 270 1166 ipsum
281 1121 356 1160 omnia
369 1132 435 1165 opera
447 1121 512 1158 etiam
525 1122 631 1159 iustorum
645 1124 695 1158 sunt
708 1124 803 1166 peccata,
817 1132 872 1166 quae
885 1103 955 1158 tamen

133 1193 188 1238 ipsis
199 1204 211 1231 a
222 1191 267 1232 Deo
278 1204 322 1231 non
333 1194 474 1238 imputantur.
485 1193 584 1230 Vidimus
596 1204 681 1238 quoque
691 1183 805 1231 novatores
817 1193 912 1238 aliquam
922 1203 956 1230 ne·

134 1267 256 1304 cessitatem
271 1265 378 1308 bonorum
392 1276 482 1309 operum
496 1268 545 1309 post
560 1265 735 1303 iustificationem
751 1264 863 1309 affirmare,
880 1264 919 1302 sed
933 1276 957 1303 ea

133 1338 192 1376 nullo
206 1338 271 1376 modo
284 1338 395 1375 meritoria
408 1320 539 1382 essequoad
550 1338 662 1375 iustitiam.
675 1337 721 1375 Hoc
733 1337 826 1375 maxime
840 1336 956 1381 apparebat

134 1410 157 1447 in
170 1410 319 1448 controversia
333 1409 502 1453 antinomistiea‚
515 1409 538 1446 in
552 1420 594 1454 qua
609 1409 677 1454 aliqui
690 1408 791 1447 meritum
806 1409 878 1454 aliquo
893 1409 957 1446 modo

135 1482 291 1526 concedebant,
303 1482 335 1535 uti
346 1482 506 1525 lllelanchthon,
520 1482 558 1519 sed
571 1492 635 1519 sensu
647 1481 736 1519 omnino
748 1481 855 1533 restricto.
866 1481 891 1518 In
904 1481 958 1524 Apo-

134 1556 191 1599 logia
209 1556 354 1593 conlessionis
372 1558 502 1599 augustanae
520 1555 573 1592 haec
591 1555 678 1592 scribit:
700 1555 786 1599 «Atque
804 1554 841 1591 hic
860 1554 958 1592 addimus

136 1627 201 1665 etiam
214 1627 241 1665 de
253 1627 357 1671 praemiis
370 1629 391 1665 et
404 1627 430 1664 de
443 1626 527 1664 merito.
540 1627 646 1664 Docemus
658 1625 761 1670 operibus
773 1626 869 1663 fidelium
881 1637 959 1670 propo-

136 1700 177 1737 sita
188 1703 210 1738 et
220 1700 328 1744 promissa
340 1710 387 1737 esse
398 1698 502 1743 praemia.
514 1699 620 1736 Doeemus
633 1699 690 1737 bona
703 1709 769 1742 opera
782 1698 894 1736 meritoria
907 1709 959 1741 esse,

136 1782 180 1809 non
195 1771 331 1809 remissionis
345 1774 490 1815 peccatorum,
503 1771 584 1814 gratiae
599 1774 635 1808 aut
648 1770 808 1808 iustificationis
826 1771 888 1813 (haec
901 1774 959 1807 enim

136 1847 219 1881 tantum
236 1843 278 1882 fide
295 1843 464 1888 consequimur),
483 1843 521 1880 sed
539 1843 631 1880 aliorum
648 1843 795 1887 praemiorum
813 1843 959 1886 corporalium

138 1918 158 1953 et
170 1915 316 1960 spiritualium
329 1916 352 1952 in
365 1915 406 1952 hac
419 1915 463 1952 vita
476 1918 496 1952 et
509 1915 626 1959 posthanc
639 1915 711 1958 vitam,
723 1915 774 1959 quia
785 1914 865 1952 Paulus
876 1914 957 1959 inquit:

137 1987 289 2032 Unusquisque
302 1987 394 2031 recipiet
409 1987 531 2024 mercedem
544 1988 604 2024 iuxta
619 1998 680 2024 suum
694 1987 797 2025 laborem.
811 1986 880 2024 Erunt
895 1987 961 2030 igitur

138 2059 253 2097 dissimilia
265 2060 362 2104 praemia
374 2062 464 2103 propter
478 2058 594 2098 dissimiles
607 2059 725 2097 labores...
737 2059 810 2103 Itaque
823 2059 874 2104 quia
886 2058 960 2096 iustifi-

138 2132 245 2169 cationem
259 2142 302 2169 non
316 2142 424 2169 meremur
438 2125 541 2175 operibus
555 2131 641 2179 nostris,
656 2131 700 2176 qua
713 2131 818 2168 efficimur
831 2130 871 2167 filii
885 2131 925 2168 Dei
941 2133 959 2167 el

138 2204 256 2242 coheredes
271 2203 358 2248 Christi,
373 2214 417 2241 non
431 2214 540 2240 meremur
552 2203 618 2240 vitam
633 2206 747 2241 aeternam
756 2203 858 2246 operibus
873 2203 961 2240 nostris.

137 2275 202 2313 Fides
214 2277 271 2313 enim
284 2276 430 2320 consequitur,
443 2275 493 2320 quia
504 2274 557 2312 fides
570 2275 671 2313 iustificat
684 2286 730 2319 nos,
743 2278 763 2312 et
775 2275 840 2313 hahet
852 2275 960 2319 placatum

138 2347 213 2385 Deum.
225 2348 320 2385 Debetur
333 2351 403 2385 autem
417 2347 538 2385 iustificatis
552 2348 611 2385 iuxta
624 2348 688 2385 illud:
705 2347 761 2391 Quos
774 2347 904 2390 iustificavit,
917 2353 961 2385 e'os·

140 2420 187 2458 dem
202 2424 222 2459 et
233 2420 368 2464 glorificavit.
382 2420 460 2457 Paulus
473 2419 610 2458 commendat
623 2420 686 2457 nohis
701 2419 881 2463 praeceptumde
895 2419 962 2457 hono·

139 2492 214 2530 randis
228 2492 362 2536 parentibus,
376 2492 486 2530 mentione
502 2492 600 2536 praemii,
615 2492 674 2536 quod
688 2491 776 2529 additur
790 2492 827 2529 illi
838 2494 961 2536 praecepto,

187 2664 472 2730 msmnmmua
