1952 3093
379 78 502 117 -289-

29 204 112 242 reditas;
128 202 227 236 hereditas
242 204 309 235 autem
324 211 364 235 non
379 205 409 235 est
424 210 507 241 merces;
525 201 607 234 debetur
622 201 675 234 enim
691 200 803 242 filiis''quia
817 200 855 234 filit

29 266 81 303 sunt,
93 273 133 296 uon
145 263 194 302 quia
206 262 308 295 laboribus
322 262 364 295 suis
378 271 422 295 eam
435 265 555 295 meruerunt.

76 324 134 364 Resp.
150 324 217 356 «Cum
233 323 255 355 in
271 322 377 361 Scripturis
394 323 436 355 vita
453 324 533 355 aeterna
549 332 589 355 non
606 322 673 355 minus
690 331 753 362 saepe,
769 322 855 356 fortasse

29 386 90 418 etiam
105 384 185 424 saepius
200 383 277 416 dicatur
292 392 365 416 merces
382 392 442 422 quam
457 382 562 421 hereditas,
579 383 630 415 uude
645 382 741 422 probabit
754 382 854 422 Calvinus,

29 445 133 479 dicendam
147 454 189 477 esse
204 444 283 484 proprie
297 443 433 482 hereditatem,
449 429 557 482 improprie
572 443 686 483 mercedem,
700 445 720 476 et
733 452 773 476 non
787 444 854 483 potius

29 508 103 545 contra,
113 505 222 538 mercedem
232 504 317 543 proprie,
328 503 458 536 hereditatem
469 503 588 543 improprie?
599 503 679 544 Deinde,
690 503 738 543 quid
750 504 767 537 si
778 506 855 536 utrum—

30 563 67 607 que
82 566 145 607 possit
159 565 197 598 dici
212 564 303 605 proprie?
316 564 376 597 habet
392 564 445 596 enim
459 563 502 596 vita
516 565 596 597 aeterna
610 564 746 597 condicionem
759 564 854 597 mercedis

30 629 49 660 et
61 626 184 659 hereditatis.
198 625 262 658 Datur
276 625 329 657 enim
345 633 368 656 ex
383 624 515 663 promissione
531 624 675 664 laborantibus,
691 624 744 664 quod
759 626 789 658 est
805 634 855 657 mer-

29 687 82 720 cedis
90 686 202 725 proprium3
213 687 232 717 et
241 694 281 718 non
291 686 350 717 datur
358 684 398 717 nisi
407 684 460 724 tiliis,
469 684 522 724 quod
531 687 561 717 est
568 685 671 724 proprium
680 684 797 718 hereditatis
804 695 814 718 »
821 687 855 717 1⁸⁵.

78 747 120 779 «Αἵ
134 747 150 778 si
162 746 210 778 tiliis
224 746 305 778 debetur
317 744 422 783 hereditas,
435 745 483 785 quia
496 744 533 777 tilii
547 748 599 783 sunt,
613 745 661 785 quid
675 755 725 784 opus
739 748 769 778 est
782 755 818 785 pro
833 754 854 778 ea

30 806 157 846 adipiscenda
167 805 269 838 laborare?

40 867 43 870 ’
77 866 186 906 Responsio
197 868 226 898 est
235 865 257 898 in
266 868 369 905 promptu:
380 873 428 898 nam
437 865 517 898 tametsi
527 865 622 904 parvulis,
633 866 668 905 qui
677 874 723 898 mox
734 876 745 899 a
755 865 855 905 baptismo

31 927 132 966 decedunt,
145 927 188 959 vita
201 913 281 958 aeterna
295 926 379 958 donetur
392 925 435 958 solo
450 925 493 958 iure
507 925 630 965 hereditatis,
645 928 711 958 tamen
726 926 791 959 voluit
803 926 855 959 Deus

30 987 82 1020 lilios
95 996 147 1026 suos,
159 986 194 1026 qui
205 995 264 1019 usum
274 986 359 1018 rationis
370 985 450 1025 hahent,
462 985 548 1025 propriis
561 985 663 1018 laboribus
676 989 696 1018 et
708 986 785 1018 meritis
798 986 862 1019 illam¹

32 1047 137 1088 acquirere,
153 1048 175 1079 ut
190 1046 265 1086 duplici
280 1046 340 1079 titulo
355 1045 398 1078 illis
413 1046 456 1078 vita
470 1048 550 1079 aeterna
564 1045 673 1085 deberetur,
688 1046 749 1079 titulo
764 1046 856 1089 videlicet

30 1107 147 1140 hereditatis
158 1108 177 1139 et
186 1107 229 1155 iure
239 1106 343 1145 mercedis;
353 1106 449 1146 quoniam
459 1107 513 1138 enim
523 1106 586 1145 magis
597 1106 728 1139 honorificum
738 1108 774 1146 est,
784 1106 856 1139 habere

31 1168 108 1208 aliquid
119 1176 142 1200 ex
152 1167 229 1205 merito,
239 1175 299 1206 quam
309 1175 332 1199 ex
343 1166 386 1199 sola
398 1166 510 1206 donatione,
522 1166 565 1199 ideo
576 1166 628 1200 Deus
639 1168 662 1199 ut
671 1166 723 1200 filios
735 1176 781 1200 suos
792 1167 855 1206 magis
895 1183 897 1187 ·

23 1229 143 1266 honoraret,
155 1228 176 1260 id
188 1227 249 1260 etiam
261 1227 289 1260 eis
301 1227 408 1266 praestitit,
420 1229 442 1259 ut
454 1227 517 1259 vitam
530 1229 631 1260 aeternam
642 1236 677 1267 per
688 1223 810 1260 merita'sibi
821 1237 856 1267 pa-

31 1290 103 1322 rarent.
118 1288 168 1321 Nam
182 1290 201 1320 et
216 1287 255 1327 ipsi
268 1287 347 1321 Christo
362 1286 428 1320 debita
443 1289 485 1320 erat
499 1287 562 1326 gloria
577 1288 664 1326 corporis
679 1290 698 1320 et
711 1287 807 1321 exaltatio
821 1297 856 1320 no-

31 1348 92 1381 minis
104 1349 141 1381 hoc
154 1348 204 1387 ipso,
216 1348 269 1387 quod
281 1349 324 1381 erat
334 1346 388 1380 iilius
401 1347 446 1386 Dei;
461 1349 480 1380 et
493 1349 560 1380 tamen
574 1348 622 1387 quia
634 1347 751 1381 humiliavit
764 1348 857 1387 semetip-

32 1417 82 1449 sum,
93 1405 162 1441 >factus
176 1408 269 1441 obediens
283 1417 345 1447 usque
359 1407 383 1440 ad
397 1409 487 1446 mortem,
502 1410 606 1447 propterea
620 1407 672 1441 Deus
687 1404 746 1441 illum
760 1408 856 1442 exaltavit

33 1473 52 1503 et
64 1469 117 1503 dedit
129 1469 161 1502 iili
173 1465 252 1509 nomen,
264 1464 318 1509 quod
330 1470 360 1501 est
373 1477 432 1508 super
444 1477 502 1501 omne
515 1477 593 1500 nomen.
606 1467 632 1501 Ut
645 1468 726 1501 interim
738 1468 789 1501 illud
801 1469 859 1501 omit-

31 1532 79 1570 tam,
93 1530 238 1570 quodmeritis
252 1538 334 1569 operum
349 1529 438 1562 redditur
452 1529 524 1567 gradus
541 1528 614 1568 aliquis
630 1529 704 1567 gloriae
719 1530 856 1569 sempiternae,

33 1591 57 1624 ad
70 1599 128 1630 quem
140 1599 180 1623 non
193 1590 314 1629 pertingunt,
328 1589 363 1629 qui
377 1589 419 1623 solo
432 1589 492 1622 titulo
507 1589 623 1622 hereditatis
638 1589 781 1628 gaudentsue.

104 1688 122 1724 2)
137 1686 165 1718 Ex
179 1686 242 1719 Matth
257 1686 280 1718 25
296 1686 405 1725 (possidete
418 1693 530 1725 regnum...
543 1686 617 1719 esurivi
631 1685 692 1724 enim)
707 1696 747 1719 uon
761 1686 858 1726 probatur

33 1747 132 1780 meritum.
146 1746 196 1778 Nam
209 1746 279 1778 «enim
310 1742 351 1778 non
365 1745 413 1778 dicit
425 1754 512 1785 eausam,
526 1745 560 1778 sed
574 1745 640 1778 solum
655 1746 744 1778 ordinem
758 1749 778 1779 et
790 1755 857 1779 couse-

33 1798 145 1847 quentiam:
161 1806 212 1838 Deus
227 1805 291 1838 voluit
304 1805 361 1845 prius
373 1805 415 1838 fieri
428 1814 488 1845 opera
501 1805 648 1838 misericordiae
664 1805 688 1838 ab
702 1805 775 1844 electis,
789 1809 808 1838 et
823 1816 857 1845 po-

33 1866 105 1898 sterius
120 1866 144 1898 ab
158 1866 186 1898 eis
201 1873 282 1904 regnum
296 1865 381 1898 obtineri
397 1865 516 1904 (Calvinus).

81 1926 137 1966 Resp.
149 1926 220 1958 Utrum
232 1926 320 1959 «enim»
332 1926 396 1964 possit
408 1926 509 1958 interdum
519 1925 606 1959 indicare
618 1926 684 1959 solum
696 1926 791 1966 ordinem,
803 1930 857 1959 trau-

34 1988 84 2026 seat;
96 1988 148 2019 certo
159 1988 225 2025 potest
236 1986 297 2019 etiarn
310 1986 419 2024 significare
431 1986 575 2019 causalitatem.
588 1986 628 2019 Hoc
640 1989 706 2019 autem
719 1986 762 2019 loco
775 1987 803 2019 sic
816 1996 858 2020 esse

34 2046 186 2086 intelligendum
199 2048 253 2086 patet
267 2046 286 2084 a)
301 2056 325 2079 ex
338 2046 426 2080 membro
439 2033 546 2086 parallelo:
560 2047 589 2080 Ite
603 2046 703 2079 maledicti
718 2047 738 2079 iu
751 2048 816 2086 ignem
830 2057 860 2080 ae—

33 2109 118 2145 ternum,
128 2107 201 2140 esurivi
211 2107 264 2139 enim
274 2109 293 2140 et
300 2116 341 2140 non
352 2107 433 2140 dedistis
444 2107 494 2139 mihi
504 2107 652 2140 manducare...
662 2107 723 2140 Nemo
734 2110 801 2140 autem
811 2108 858 2141 dicit

33 2168 65 2200 hic
76 2167 160 2200 indlcari
171 2167 237 2199 solum
247 2167 336 2200 ordinem
346 2169 365 2200 et
374 2177 414 2199 non
425 2167 573 2206 causalitatem
586 2167 605 2205 b)
618 2177 642 2200 ex
653 2177 675 2200 eo
688 2168 741 2207 quod
752 2167 798 2201 aliis
809 2168 858 2216 locis
888 2202 891 2208 ,

35 2227 131 2261 assecutio
141 2228 214 2266 gloriae
224 2227 273 2266 ipsis
283 2227 375 2267 operibus
386 2228 483 2260 tribuitur
493 2227 527 2264 (ci.
538 2229 603 2260 textus
614 2228 635 2260 in
646 2231 761 2267 argumento
771 2228 858 2267 allatos).

104 2324 123 2362 3)
135 2324 159 2356 Ps
171 2324 210 2363 102,
222 2325 242 2356 4:
255 2324 309 2364 «Qui
323 2324 436 2362 (Dominus)
449 2327 530 2357 coronat
540 2327 560 2356 te
570 2324 591 2356 in
602 2324 738 2357 misericordia
748 2327 768 2357 et
777 2319 858 2357 misera-

34 2385 150 2423 tionibus»;
162 2391 207 2423 ergo
217 2393 258 2416 non
269 2387 350 2423 propter
362 2384 455 2417 meritum
467 2393 490 2416 ex
503 2385 587 2417 iustitia¹

81 2444 138 2484 Resp.
148 2444 253 2477 Beatitudo
264 2444 411 2477 misericordiae
422 2444 519 2477 tribuitur
530 2454 540 2477 «
547 2454 587 2477 non
600 2445 648 2485 quia
659 2454 699 2477 non
712 2445 739 2478 sit
751 2455 797 2479 vera
808 2455 858 2479 mer-

36 2516 66 2539 ccs
81 2506 153 2545 meriti,
170 2505 203 2538 sed
218 2506 265 2545 quia
280 2506 350 2538 merita
368 2506 409 2543 ipsa
427 2515 449 2537 er
466 2505 602 2539 misericordia
618 2506 665 2539 data
681 2508 733 2539 suut.
750 2505 793 2539 Non
809 2506 861 2539 enim

34 2568 99 2605 potest
116 2576 175 2605 opera
191 2566 293 2598 meritoria
309 2567 371 2598 iacere
387 2567 452 2598 horno.
469 2566 508 2599 nisi
524 2566 580 2605 prius
597 2566 722 2600 iustificatus.
739 2566 860 2600 Iustlflcatur

82 2690 110 2713 185
123 2687 250 2726 Bellarmino,
261 2696 302 2726 cap.
314 2687 330 2719 3.

84 2750 109 2774 rsa
123 2747 249 2786 Bellarmino,
262 2757 304 2786 cap.
317 2748 333 2780 3.

82 2881 176 2914 Larium.
188 2898 212 2903 -—
224 2880 251 2912 De
264 2880 332 2912 Gratia
346 2880 487 2918 Rodernpioris.
