1952 3093
435 101 557 140 -387-

78 235 128 270 ruut
141 232 200 269 enim
213 221 239 269 ac
251 234 303 269 sunt
315 232 441 270 huiusmodi
456 233 514 270 dona
526 233 557 269 ita
569 232 685 275 generalia,
698 235 722 269 11
734 231 833 276 ipsorum
847 230 905 268 testi-

78 305 151 342 monio
172 304 199 341 ad
218 304 365 348 quaerendum
385 292 459 341 verum
478 304 547 341 Deum
563 308 653 348 possent
672 304 772 342 homines
791 303 902 341 adiuvari:

77 377 156 422 quihus
177 376 241 414 donis
260 366 371 414 auctorem
390 387 452 414 snum
470 387 509 420 per
528 377 601 414 omnia
622 377 707 417 saecula
726 374 904 420 protestantibus,

79 449 180 494 specialis
196 449 278 493 gratiae
291 449 380 494 largitas
395 450 510 494 superfusa
524 452 562 487 est.
579 449 636 494 Quae
652 450 703 487 licet
719 449 830 494 copiosius
847 458 904 486 nunc

78 534 142 568 quam
159 526 208 560 ante
224 525 350 566 praestetur,
369 533 432 560 causa
449 526 520 559 tamen
537 523 714 561 distributionum
731 533 817 559 suarum
833 522 906 558 Domi-

79 606 119 633 nus
136 596 194 639 apud
211 595 325 633 scientiam
342 606 402 632 suam
419 595 494 639 tenuit,
510 599 530 633 et
544 596 603 632 intra
618 599 725 633 secretum
741 595 906 639 potentissimae

79 668 196 704 voluntatis
214 666 318 712 occuluit;
336 678 390 711 quae
409 668 427 703 si
445 667 546 704 omnibus
563 667 703 710 uniformiter
719 667 842 710 affluerent,
861 676 905 703 non

79 740 180 785 laterent3
193 743 214 776 et
225 749 291 783 quam
303 739 362 776 nulla
376 742 407 776 est
419 739 547 783 ambiguitas
562 739 588 776 de
601 738 734 784 benignitate
746 738 849 783 generali,
863 742 905 775 tam

81 812 107 850 de
120 812 211 856 speciali
223 811 375 850 misericordia
388 812 444 849 nihil
456 812 514 857 quod
526 812 659 856 stupendum
673 817 728 850 esset
743 812 865 857 exsisteret;
880 822 906 848 ac

80 885 174 929 proinde
186 885 224 922 illa
236 888 291 922 esset
303 886 378 929 gratia,
392 886 433 922 ista
446 895 490 922 non
504 888 565 923 esset.
579 885 623 922 Deo
637 889 708 923 autem
720 885 802 929 placuit
816 888 837 922 et
849 884 906 922 hanc

81 957 154 1000 multis
169 956 270 1000 tribuere,
287 962 307 995 et
323 958 382 994 illam
399 969 411 994 a
426 958 513 994 nemine
529 957 666 1002 submovere;
683 961 706 994 ut
723 969 748 995 cx
765 961 855 1001 utraque
870 967 906 1000 ap-

80 1033 155 1073 pareat
170 1040 214 1065 non
230 1032 329 1072 negatum
346 1030 489 1072 universitati,
506 1029 565 1073 quod
582 1029 683 1066 collatum
700 1033 732 1067 est
747 1030 851 1073 portioni,
869 1029 907 1065 sed

81 1102 104 1137 in
122 1100 170 1138 aliis
186 1101 333 1144 praevaluisse
350 1101 447 1145 gratiam,
465 1102 488 1137 in
507 1101 555 1137 aliis
573 1101 682 1138 resiluisse
700 1104 817 1138 naturam»
826 1104 850 1137 ⁶⁴.

133 1174 255 1218 «Quamvis
269 1174 327 1212 enim
340 1175 402 1212 multi
416 1177 512 1212 amantes
526 1174 626 1212 tenebras
640 1185 695 1219 suas,
710 1174 849 1218 splendorem
864 1185 907 1211 non

82 1248 190 1291 recipiant
208 1247 311 1292 veritatis,
330 1252 350 1285 et
367 1248 429 1284 multi
447 1248 485 1292 qui
502 1247 619 1284 illuminati
639 1248 731 1291 fuerant,
750 1246 907 1290 tenebrescant,

82 1319 172 1357 verbum
189 1324 260 1356 tamen
277 1319 317 1356 Dei
334 1323 406 1357 manet
422 1320 445 1356 in
461 1308 604 1362 aeternum⁶⁵,
622 1325 642 1357 et
661 1320 687 1357 de
703 1320 857 1363 promissionis
875 1329 909 1355 ve-

83 1393 146 1428 ritate
160 1391 216 1427 nihil
232 1391 320 1428 excidii.
335 1391 404 1428 Intrat
418 1391 516 1435 quotidie
531 1392 639 1434 praescita
655 1395 675 1428 et
689 1392 797 1435 promissa
812 1391 908 1434 gentium

83 1462 203 1506 plenitudo,
219 1465 239 1500 et
253 1462 276 1499 in
290 1462 388 1500 Abrahae
404 1463 485 1516 semine
500 1461 571 1500 omnis
585 1471 643 1506 gens,
659 1463 730 1500 omnis
745 1461 822 1506 trihus,
838 1462 909 1499 omnis

83 1536 157 1580 lingua
171 1535 315 1573 benedicitur.
330 1535 391 1580 Quod
405 1536 463 1573 enim
476 1535 540 1573 Pater
554 1535 610 1573 Filio
626 1536 692 1579 dedit,
707 1535 776 1573 Filius
791 1545 835 1573 non
848 1535 910 1572 amit-

84 1610 116 1652 tit,
133 1619 202 1653 neque
218 1609 333 1652 quisquam
349 1611 419 1652 potest
437 1609 463 1645 de
480 1619 545 1645 manu
561 1609 608 1645 eius
624 1619 700 1653 rapere
717 1609 777 1653 quod
793 1608 909 1651 accepite.

84 1681 180 1717 Firmum
196 1680 361 1717 tundamentum
375 1681 415 1717 Dei
431 1684 502 1723 statu,
518 1684 539 1717 et
555 1682 652 1718 mansuri
668 1681 691 1718 in
707 1683 818 1718 aeternum
835 1681 910 1723 templi

86 1752 211 1789 aedificatio
226 1763 270 1789 non
285 1753 378 1795 vacillat,
392 1757 505 1795 praetenta
519 1763 585 1795 super
598 1763 672 1790 omnes
687 1754 778 1790 veritate
793 1756 814 1790 et
828 1752 911 1789 miseri-

86 1823 162 1861 cordia
174 1823 223 1868 Dei;
238 1834 304 1867 aquo
319 1824 377 1868 quod
391 1828 412 1861 et
424 1824 508 1860 nemini
521 1827 617 1868 negatur,
633 1828 653 1862 et
667 1824 721 1861 nulli
735 1824 831 1867 debetur,
845 1824 869 1860 in
883 1824 911 1860 iis

85 1907 138 1942 quos
149 1896 251 1941 promisit
262 1900 283 1933 et
294 1896 397 1934 efficitur.
409 1897 457 1941 lpse
470 1897 528 1934 enim
542 1899 644 1941 operatur
656 1897 730 1935 omnia
741 1897 764 1933 in
777 1896 910 1940 omnibus‘ss,

86 1969 124 2008 sed
142 1970 215 2007 omnia
233 1969 377 2012 proculdubio
396 1970 452 2007 iusta
471 1973 492 2007 et
509 1970 572 2008 hona.
589 1970 708 2008 Universae
728 1970 785 2008 enim
804 1970 852 2008 viae
869 1970 911 2007 Do-

86 2042 140 2079 mini
156 2041 308 2078 misericordia
324 2046 345 2078 et
361 2042 473 2079 veritastt.
490 2042 530 2085 Qui
547 2043 603 2080 sicut
619 2043 738 2086 praescivit
754 2046 803 2079 ante
820 2042 911 2085 saecula,

86 2116 166 2157 quanta
181 2113 246 2150 totius
262 2113 338 2150 mundi
351 2114 464 2150 hominnm
478 2114 593 2151 multitudo
608 2116 641 2151 vel
656 2114 808 2151 communibus
821 2125 860 2151 usa
876 2115 912 2151 do-

86 2185 128 2228 nis,
144 2185 178 2222 vel
194 2183 325 2234 specialibus
341 2185 414 2221 adiuta
431 2185 554 2229 praesidiis,
572 2186 684 2222 declinans
701 2190 772 2223 tamen
790 2186 816 2222 ab
834 2186 912 2223 itinere

88 2257 185 2295 veritatis
202 2261 221 2295 et
238 2257 301 2300 vitae,
319 2258 442 2302 ingressura
460 2261 515 2295 esset
530 2258 668 2296 latitudinem
687 2258 768 2297 erroris
785 2261 806 2296 et
823 2258 910 2296 mortis:

88 2331 117 2367 ita
143 2341 227 2374 semper
251 2330 414 2373 praecognitum
434 2331 515 2371 habuit,
534 2335 626 2374 quantus
646 2332 732 2375 piorum
752 2342 854 2368 numerus
875 2342 913 2374 per

138 2485 155 2506 ⁶4
168 2481 196 2513 De
208 2481 311 2513 vocatione
325 2481 414 2513 omnium
427 2481 515 2518 gentium
527 2481 543 2518 2,
557 2481 588 2518 25,
603 2481 636 2513 ML
649 2482 677 2520 51,
690 2481 723 2513 710
737 2492 752 2514 s.

138 2543 155 2566 ⁰5
168 2540 187 2573 Is
202 2539 231 2579 40,
244 2540 261 2572 8.

138 2603 156 2627 ⁸³
169 2600 190 2634 Io
203 2599 220 2640 6,
234 2599 266 2639 39;
281 2599 309 2640 10,
323 2600 352 2634 29.

111 2699 115 2709 Ι
138 2665 155 2687 ⁶⁷
169 2662 179 2694 2
191 2661 235 2694 Tim
249 2662 266 2701 2,
280 2661 314 2695 lla

139 2723 178 2755 θ81
194 2721 232 2756 Cor
246 2722 274 2760 12,
287 2722 303 2755 6.

139 2786 157 2808 ⁰⁹
170 2781 194 2815 1³2
209 2782 237 2821 24,
252 2783 280 2815 10.
