1952 3093
457 6 591 62 424-

127 157 280 209 responsiones
292 158 319 195 ad
332 158 427 202 capitula
439 158 587 197 obiectionum
599 159 708 198 Gallorum
720 161 899 200 calumniantium
907 175 918 199 »
926 166 954 208 85;

72 278 74 281 Ι
126 233 203 281 contra
214 230 352 273 Vincentium
365 231 493 269 lirinensem
507 232 567 271 «Pro
581 233 700 278 Augustino
714 234 866 278 responsiones
881 236 908 273 ad
922 247 955 274 ca-

125 303 196 348 pitula
214 303 362 341 obiectionum
380 304 568 343 vincentianarum
577 318 587 342 »
596 309 623 351 86;
643 307 666 344 in
685 308 789 351 opusculo
809 308 869 345 «Pro
887 308 956 352 Augu-

129 375 186 418 stino
201 377 354 420 responsiones
370 378 398 415 ad
413 382 515 421 excerpta
529 377 674 417 Genuensium
683 383 719 415 »⁸⁷
737 380 797 417 dedit
811 380 895 419 duobus
908 391 956 424 pre·

129 448 222 492 sbyteris
233 450 378 493 genuensibus
392 451 560 494 explicationem
574 451 695 497 aliquorum
707 453 805 490 locorum
819 464 845 491 ex
859 452 956 504 slrlugu·

130 508 182 566 stini
199 523 249 559 «De
265 523 463 566 praedestinatione
480 527 623 562 sanctorum»
640 528 660 562 et
677 525 727 563 «De
744 525 801 563 dono
818 536 957 570 perseveran-

130 594 199 631 tiae».
212 595 309 632 Tandem
323 595 382 633 circa
397 606 477 633 annum
490 596 581 635 4331434
595 593 684 641 scripsit
699 598 748 635 «De
761 598 830 642 gratia
844 598 884 636 Dei
899 601 919 636 et
932 599 957 636 li·

128 668 182 704 bero
200 667 291 706 arbitrio
310 670 386 706 contra
404 669 549 706 collatorem»
567 669 591 706 id
610 672 641 707 est
660 672 735 707 contra
752 670 856 708 Ioannem
875 659 957 709 Cassia-

132 743 221 777 num⁸⁸.‘
231 740 310 778 Romae
327 741 385 778 circa
399 751 479 778 annum
495 741 533 779 459
550 743 609 779 ortus
625 746 656 779 est
672 742 851 780 «Sententiarum
867 755 893 780 cx
909 754 958 787 ope·

131 811 191 850 ribus
208 824 225 850 s.
243 812 357 857 Augustini
374 813 517 851 delibutarum
533 814 633 851 liber»⁸⁹
652 825 695 859 quo
712 815 806 859 Prosper
825 814 863 853 392
881 815 958 853 breves

132 885 246 923 citationes
259 897 285 923 ex
299 885 402 929 operibus
416 897 432 923 s.
445 886 559 942 Augustini
574 886 669 932 collegit;
685 898 710 924 ex
723 887 764 924 hac
780 886 907 925 collectione
921 898 958 931 po·

133 960 177 995 sica
192 958 265 1001 plures
281 957 442 1002 propositiones
459 958 547 996 concilii
563 958 691 996 Arausieani
707 960 832 1004 desumptae
848 961 904 998 sunt.

127 1060 128 1063 ,
186 1030 300 1068 Praeterea
318 1031 412 1074 Prosper
431 1031 518 1068 videtur
537 1033 612 1068 auctor
632 1031 699 1068 fuisse
707 1034 724 1057 ⁹⁰
744 1031 886 1076 collectionis,
905 1043 959 1076 quae

133 1103 220 1140 435-442
234 1106 281 1141 orta
294 1106 314 1141 et
328 1103 366 1141 sub
381 1103 469 1141 nomine
483 1104 533 1140 «De
546 1103 615 1147 gratia
629 1103 669 1140 Dei
681 1103 811 1141 indiculus»
827 1114 864 1141 seu
879 1103 959 1141 «Prae-

134 1175 246 1213 teritorum
265 1176 323 1213 sedis
342 1174 480 1219 Apostolicae
501 1175 653 1220 episcoporum
672 1175 830 1214 auctoritates»
851 1179 902 1213 nota
922 1178 960 1219 est,

130 1251 154 1285 ct
166 1259 221 1292 quae
233 1250 314 1292 postea,
326 1247 385 1285 circa
397 1248 442 1292 500,
455 1248 574 1285 universim
588 1248 660 1291 agnita
673 1251 705 1285 est
717 1251 741 1285 ut
753 1247 847 1291 genuina
861 1247 960 1286 doctrina

135 1320 196 1358 Sedis
211 1320 380 1364 Apostolicae⁹¹.
398 1320 496 1357 Fortasse
514 1320 561 1363 ipse
578 1330 662 1364 quoque
680 1323 711 1357 est
729 1322 804 1357 auctor
819 1319 892 1364 operis
911 1320 960 1356 «De

135 1392 248 1431 vocatione
265 1392 361 1430 omnium
377 1392 499 1437 gentium»,
515 1392 537 1429 in
554 1403 596 1437 quo
613 1391 713 1430 doctrina
729 1391 754 1429 de
771 1392 839 1436 gratia
856 1395 876 1429 et
891 1391 960 1430 libero

136 1465 226 1513 arbitrio
240 1464 357 1509 exponitur
364 1468 389 1503 ⁹2.

189 1537 287 1575 Secunda
301 1541 362 1581 parte
377 1538 457 1575 saeculi
471 1537 541 1582 quinti
561 1536 694 1574 Lucidus
716 1536 830 1580 presbyter
844 1535 962 1579 praedesti-

95 1623 97 1626 ·
136 1611 246 1648 nationem
263 1610 371 1654 duplicem
387 1610 466 1652 docuit,
482 1610 571 1646 alteram
587 1609 612 1646 ad
628 1609 700 1653 vitam,
717 1608 805 1646 alteram
821 1608 849 1646 ad
864 1610 961 1646 mortem.

136 1683 187 1720 Post
201 1683 259 1720 Adae
273 1686 387 1726 peccatum
401 1682 494 1719 liberum
511 1680 625 1719 arbitrium
642 1681 734 1718 deletum
749 1683 789 1725 est3
804 1679 857 1717 hinc
873 1680 896 1717 in
911 1679 962 1722 illis,

137 1756 173 1800 qni
188 1755 269 1793 bonum
284 1755 374 1798 faciunt,
389 1765 433 1791 non
447 1754 540 1791 liberum
553 1752 675 1797 arbitrium,
692 1753 729 1791 sed
744 1753 789 1790 sola
804 1750 873 1796 gratia
888 1762 961 1795 opera·

137 1830 177 1871 tur,
191 1839 279 1872 eamque
290 1828 323 1864 1111
336 1828 376 1865 soli
390 1827 507 1872 accipiunt,
519 1826 555 1870 qui
569 1825 674 1863 advitam
688 1827 737 1862 sunt
748 1823 911 1868 praedestinati,
923 1834 963 1867 pro

137 1900 216 1945 quibus
227 1900 278 1938 solis
291 1899 388 1938 Christus
400 1902 497 1951 mortuus
508 1901 548 1942 est;
560 1898 639 1942 reliqui
652 1897 753 1935 destinati
766 1899 815 1934 sunt
827 1896 854 1934 ad
865 1898 963 1934 mortem.

186 2102 203 2125 85
217 2100 250 2133 blL
262 2100 290 2139 51,
303 2100 343 2132 155.

188 2163 205 2186 ³⁶¹
218 2161 251 2193 ML
267 2160 295 2199 51,
309 2159 349 2192 177.

188 2223 204 2247 ³7
218 2222 252 2254 ltlL
266 2220 349 2260 51,187.

188 2284 205 2307 8⁸
218 2282 252 2314 ML
266 2282 294 2320 51,
308 2281 348 2314 213.

189 2346 206 2367 ⁸⁹
219 2343 252 2375 ML
266 2342 294 2382 51,
309 2341 349 2375 427.

187 2406 205 2429 ⁹⁰
218 2403 242 2435 M.
257 2403 368 2442 Cappuyns
381 2402 477 2441 L’origine
493 2402 525 2434 des
539 2401 631 2441 Capitula
644 2401 854 2440 pseudo-celestiniens
866 2397 936 2435 contre
948 2401 967 2434 le

141 2463 348 2502 semi-pelagianismo.
365 2463 430 2495 Revue
447 2461 572 2495 Bene'dictine
590 2461 618 2501 41,
636 2462 687 2501 1929,
705 2461 790 2494 156-179.

189 2524 272 2556 ⁹1Denz
287 2523 371 2556 129-142.

189 2587 207 2609 ⁹²
220 2585 253 2617 ltlL
267 2580 350 2623 51,’647.’
365 2583 476 2623 Cappuyns,
491 2583 583 2615 L’auteur
598 2583 624 2615 du
640 2583 684 2614 «De
699 2582 802 2615 vocatione
817 2582 907 2624 omnium
922 2591 967 2622 gen-

141 2647 192 2677 tium
200 2655 216 2677 ».
229 2645 294 2677 Revne
306 2643 432 2677 Benedictine
445 2643 473 2682 39,
486 2642 538 2682 1927,
551 2642 635 2676 198-226.
647 2642 674 2675 De
688 2642 778 2676 doctrina
789 2641 849 2676 huius
863 2642 910 2676 libri
923 2643 968 2676 vide

140 2704 222 2743 Wbrter,
233 2705 271 2736 Zur
280 2703 477 2742 Dogmengeschichtc
487 2703 520 2735 des
532 2703 745 2741 Semipelagianismus
756 2703 844 2736 Miinster
854 2703 905 2743 1899,
916 2704 965 2737 3-43.
