1952 3093
460 39 568 76 -411-

105 168 168 200 quam
182 159 260 194 vocant
274 156 401 194 charitatem
414 158 460 195 Dei.
475 158 515 195 Hic
527 170 616 202 prorsus
631 170 670 197 nos
684 160 740 196 nihil
754 160 826 198 tacere
840 165 931 206 oportet,

106 230 143 267 sed
154 232 238 266 tantum
250 230 348 273 recipere
360 230 484 268 thesaurum
496 233 533 275 qui
546 231 643 270 Christus
658 238 688 275 est
700 233 723 269 in
737 233 802 271 corde
815 245 855 277 per
867 234 931 272 fidem

106 302 260 346 apprehensus,
278 306 301 339 ut
319 303 412 341 maxime
431 305 548 341 sentiamus
567 316 606 341 nos
625 316 670 342 esse
689 306 765 349 plenos
783 307 931 349 peccatis»2⁸.

107 388 117 410 11
125 376 182 412 Haec
195 378 226 412 est
240 376 297 412 enim
310 387 360 413 vera
374 378 409 413 via
423 378 504 421 salutis,
519 378 582 414 subdi
595 378 646 421 Deo,
660 379 683 414 in
696 378 737 415 tide
752 379 771 416 ei
784 380 860 416 cedere
873 383 893 416 et
906 379 932 416 si-

104 447 153 490 lere,
165 457 246 490 ponere
257 448 372 485 tumultum
383 449 567 492 praesumptionis
579 461 674 493 operum,
687 451 765 494 quihus
775 455 882 494 quaerunt
891 452 929 488 im-

106 521 138 563 pii
153 531 200 557 euin
215 520 320 564 invenire,
334 524 354 559 et
367 533 413 559 sese
427 522 529 559 ductilem
544 523 690 566 praeberent
705 524 752 566 ipse
767 524 789 560 in
805 523 868 562 nohis
883 535 932 568 ope-

107 596 171 635 retur,
186 604 229 630 non
244 604 284 631 nos
299 599 465 637 operemur»2⁹.

160 666 224 703 Fides
242 670 273 703 est
289 666 369 704 fiducia
386 668 498 712 quaedam.
517 681 527 703 11
535 669 566 704 De
582 668 647 705 verbo
656 672 673 693 ³⁰
691 679 734 705 non
751 669 813 706 valde
830 678 932 713 repugno,

107 739 152 775 sive
165 739 188 776 id
202 749 242 782 pro
257 743 364 782 reputare,
379 740 424 777 sive
439 741 533 784 cogitare
549 740 650 784 accipias,
666 752 715 777 nam
731 753 765 778 res
781 742 856 778 eodem
870 741 932 779 redit.

108 810 159 848 Cum
172 812 229 848 enim
243 811 317 849 divina
328 812 428 849 maiestas
442 813 467 849 de
478 823 511 849 me
522 813 607 856 cogitet,
620 823 652 849 me
665 823 710 850 esse
722 813 808 856 iustum,
820 813 875 850 mihi
887 824 933 851 esse

107 882 197 921 remissa
210 886 305 928 peccata,
317 896 351 922 me
363 884 456 922 liberum
470 895 515 922 esse
529 896 541 922 a
553 888 622 922 morte
635 888 728 928 aeterna,
741 888 762 922 et
775 895 813 928 ego
828 896 877 922 cum
888 895 933 930 gra-

108 957 186 993 tiarum
203 957 288 994 actione
304 958 326 993 in
342 956 384 994 fide
398 958 455 994 hanc
472 957 624 1001 cogitationem
639 958 678 994 Dei
694 958 720 994 de
736 970 770 994 me
786 958 933 1001 apprehendo,

86 1038 88 1042 ’
108 1040 157 1066 vere
172 1040 219 1066 snm
233 1030 308 1074 iustus,
322 1041 365 1067 non
380 1030 434 1067 meis
449 1029 557 1074 operibus,
573 1031 611 1067 sed
624 1029 672 1073 fide,
687 1041 729 1074 qua
744 1030 884 1073 apprehendo
900 1042 934 1067 co-

108 1102 233 1145 gitationem
250 1102 353 1138 divinam¹
367 1102 421 1139 Nam
436 1102 476 1139 Dei
492 1102 593 1145 cogitatio
609 1104 641 1139 est
655 1102 778 1138 infallibilis
792 1101 879 1139 veritas.
895 1102 934 1145 Igi-

110 1178 142 1210 tur
157 1184 205 1209 cum
220 1184 267 1209 eam
283 1173 423 1216 apprehendo
438 1173 499 1209 tirma
515 1172 652 1217 cogitatione,
667 1184 710 1210 non
726 1182 780 1216 vaga
795 1173 899 1216 opinione
915 1177 935 1210 et

110 1245 181 1289 dubia,
195 1246 264 1283 iustus
278 1256 332 1282 sum.
345 1245 409 1283 Fides
424 1246 481 1282 enim
496 1249 528 1282 est
541 1245 603 1283 firma
616 1248 636 1283 et
649 1248 707 1283 certa
723 1258 759 1283 seu
774 1245 882 1290 cogitatio,
898 1257 935 1282 seu

107 1318 187 1355 fiducia
199 1318 225 1355 de
236 1318 287 1361 Deo,
298 1318 357 1362 quod
367 1329 407 1361 per
418 1317 527 1355 Christum
539 1318 567 1355 sit
577 1318 693 1363 propitius,
704 1318 763 1362 quod
773 1329 812 1361 per
824 1317 933 1356 Christum

110 1391 188 1435 cogitet
205 1391 230 1428 de
249 1391 312 1428 nohis
330 1392 471 1434 cogitationes
489 1392 556 1435 pacis,
573 1402 617 1427 non
634 1390 756 1428 afflictionis
774 1395 810 1427 aut
827 1391 879 1428 irae.
897 1390 935 1427 Re-

109 1464 175 1499 iativa
191 1463 248 1500 enim
265 1464 319 1499 haec
337 1466 392 1505 sunt,
410 1463 511 1505 cogitatio
528 1462 574 1504 Dei,
593 1474 629 1499 sen
647 1462 763 1505 promissio
782 1466 802 1499 et
817 1462 877 1505 fides,
894 1473 936 1506 qua

109 1535 277 1577 promissionem
294 1535 334 1571 Dei
352 1520 500 1577 apprehendo.
516 1534 581 1571 Recte
599 1533 664 1577 igitur
681 1534 759 1571 Paulus
777 1534 867 1571 verbum
887 1534 936 1576 (Ha-

111 1609 185 1651 schab)
203 1609 301 1647 reddidit
318 1620 357 1653 per
375 1609 465 1646 verbum
483 1610 600 1656 λογίζεσθαι,
620 1609 678 1652 quod
697 1608 760 1645 etiam
780 1608 807 1645 ad
826 1608 936 1652 cogitatio-

111 1693 159 1720 nem
176 1682 258 1727 aliudit,
275 1682 331 1720 sicut
347 1682 462 1725 reputandi
479 1681 575 1719 verbum.
592 1681 613 1719 Si
630 1681 688 1718 enim
702 1685 725 1718 tu
739 1682 784 1718 Deo
801 1680 936 1724 promittenti

111 1754 188 1798 credis,
203 1755 259 1792 Deus
274 1758 294 1792 ie
307 1757 392 1798 reputat
406 1755 492 1791 iustum.
507 1753 580 1798 Neque
594 1754 630 1790 hic
645 1755 678 1790 vel
692 1754 761 1798 Legis,
774 1754 808 1790 vel
824 1753 936 1790 circumci-

111 1827 185 1871 sionis,
205 1827 239 1863 vei
259 1826 415 1863 sacrificiorum
433 1826 456 1863 fit
475 1826 563 1868 mentio,
582 1826 639 1869 quod
658 1837 682 1862 ea
702 1826 758 1862 Deus
780 1825 865 1868 dignari
885 1825 936 1861 velit

111 1898 208 1935 iusticia:
230 1898 279 1936 Sola
298 1909 336 1935 sua
355 1898 469 1941 reputatio,
489 1898 534 1934 sola
551 1897 588 1934 illa
606 1898 687 1940 gratiae
707 1897 732 1933 de
752 1897 815 1933 nobis
835 1896 936 1939 cogitatio

111 1971 164 2008 haec
179 1970 238 2009 facit.
251 1972 318 2008 Datur
334 1970 391 2008 enirn
406 1970 488 2007 iustitia
503 1969 601 2007 Abrahae
617 1980 660 2006 non
676 1967 782 2012 operanti,
797 1968 834 2006 sed
849 1968 937 2005 creden-

112 2045 138 2082 ti:
157 2055 226 2089 neque
242 2048 311 2082 autem
327 2043 384 2087 fidei,
400 2047 423 2081 nt
439 2045 513 2081 nostro
530 2043 597 2086 operi,
615 2043 683 2086 datur,
700 2043 737 2079 sed
753 2045 842 2086 propter
859 2041 937 2085 cogita-

112 2118 192 2155 tionem
206 2117 252 2160 Dei‚
266 2128 330 2162 quam
343 2116 396 2153 fides
409 2115 555 2159 apprehendit
562 2118 586 2152 ³1.

160 2288 176 2309 28
190 2286 211 2316 111
224 2285 280 2322 epist.
293 2284 309 2315 S⁴
323 2284 379 2316 Pauli
394 2284 417 2315 ad
431 2283 511 2315 Galatas
527 2282 596 2319 (1535).
610 2283 644 2320 Op.
656 2292 707 2314 omn.
721 2282 749 2314 40.
762 2282 777 2317 1,
789 2282 823 2313 242
836 2291 860 2319 s.;
875 2281 899 2313 cf.
911 2281 938 2312 Dc

113 2346 224 2384 abroganda
243 2345 304 2378 missa
324 2344 401 2383 privata
421 2343 501 2376 Martini
522 2342 601 2375 Lntheri
621 2342 719 2375 sententia
741 2342 811 2380 (1521).
832 2341 865 2380 Op.
886 2351 937 2374 omn.

112 2407 129 2445 8,
144 2406 184 2439 442.

161 2471 177 2491 2³³
191 2468 217 2500 De
234 2468 285 2499 votis
303 2467 418 2498 monasticis
436 2466 515 2498 Martini
533 2465 612 2497 Lntheri
631 2465 726 2497 iudicium
747 2464 816 2502 (1521).
835 2464 868 2502 Op.
886 2473 938 2496 omn.

113 2528 129 2567 3,
144 2527 183 2561 189.
400 2511 403 2518 ’

160 2591 177 2612 ³⁰
192 2587 227 2619 Sei.
247 2587 342 2619 Haschah.
361 2587 400 2618 Gen
419 2587 446 2623 15,
466 2587 485 2618 6:
506 2585 592 2617 Credidit
612 2585 710 2617 Abraham
729 2586 768 2617 Deo
786 2588 805 2616 ct
824 2587 936 2622 reputatum

115 2652 142 2680 est
157 2648 187 2679 1111
204 2648 227 2680 ad
243 2647 347 2679 iustitiam.

163 2709 215 2740 311n
230 2708 245 2740 1.
260 2707 294 2740 lih.
308 2708 361 2741 Mose
374 2708 441 2741 Enarr.
457 2707 490 2746 Op.
506 2717 558 2738 omn.
572 2707 600 2745 42,
616 2706 648 2739 563
664 2717 678 2739 s.
