1952 3093
445 30 567 71 -386-

85 148 168 185 nismus
183 159 270 192 purus»
286 149 344 186 hanc
359 150 476 193 specialem
491 150 664 188 benevolentiam
679 154 751 196 negeb
767 161 841 189 omnes
856 152 914 190 enim

86 220 209 258 ruolinistae
227 221 347 259 detendunt
364 223 502 261 collationem
518 223 599 268 gratiae
617 222 710 272 efficacis
729 234 775 261 esse
792 224 862 262 maius
879 224 914 262 be-

86 292 187 330 neficium
203 293 301 338 iormale,
317 305 382 339 quam
397 296 535 334 collationem
549 295 630 340 gratiae
645 307 704 333 mere
720 295 853 335 sufficientis.
869 297 914 334 Dif-

88 365 179 403 ferentia
195 367 218 403 in
234 378 258 404 eo
275 371 312 410 est,
327 368 386 412 quod
400 368 538 413 Bellarmino,
555 368 638 413 Snarez,
655 372 675 405 et
690 369 728 412 qui
744 380 780 406 eos
796 372 915 414 sequuntur

87 439 308 482 praedestinationem
329 440 356 477 ad
376 440 467 484 gloriam
486 441 584 484 praecise
604 443 711 484 sumptam
731 441 851 479 detendunt
869 453 915 479 esse

87 513 136 549 ante
151 511 251 554 praevisa
268 511 352 556 merita,
369 515 390 549 et
406 515 563 557 consequenter
577 515 651 550 tenent
665 512 856 556 praedefinitiones
873 514 915 552 ior-

88 583 153 620 males
173 587 259 621 actuum
279 585 413 622 salutarium.
433 585 485 623 Cum
506 585 532 622 de
551 584 750 628 praedestinatione
770 586 813 623 iam
833 586 915 623 dictum

88 655 116 692 sit
129 656 153 693 in
169 643 261 694 tractatu
276 656 308 694 De
324 656 369 695 Deo
383 668 433 702 uno,
448 668 517 701 pauca
534 656 626 694 dicenda
642 660 755 694 remanent
772 658 798 695 de
812 657 916 701 praedefi-

90 719 217 767 nationibus.

139 800 311 840 «Praedefinnto
329 804 403 841 divina
419 808 451 841 est
467 805 576 841 decretum
592 815 634 848 quo
650 804 707 841 Deus
722 803 874 841 antecedenter
889 803 916 840 ad

88 873 178 911 liberam
192 875 396 913 determinationem
409 880 519 913 creaturae
531 875 627 913 absolute
640 875 769 919 praevisam,
783 876 809 913 ab
822 878 916 917 aeterno,

89 945 189 991 positive,
204 946 301 985 absolute
317 951 337 984 et
352 947 468 986 efficaciter
482 948 584 992 decrevit,
597 951 620 985 ut
634 947 661 985 ah
677 948 753 986 eadem
768 950 866 985 creatura
880 947 917 984 ali-

88 1017 138 1063 quis
148 1021 208 1056 actus
220 1018 291 1056 bonus
301 1020 325 1056 in
336 1022 433 1063 tempore
444 1019 487 1063 fiat,
499 1031 518 1058 v.
530 1029 549 1063 g.
561 1024 584 1057 ut
596 1019 671 1057 Petrus
684 1019 756 1057 eliciat
768 1019 834 1057 hodie
845 1022 916 1056 actum

90 1090 282 1128 contritionissffl.
298 1091 451 1129 Praedefinitio
467 1092 565 1129 formalis
582 1102 607 1129 ea
621 1095 717 1135 vocatur,
734 1102 775 1136 qua
793 1091 917 1129 immediate

90 1163 137 1206 ipse
154 1166 214 1201 actus
230 1163 331 1200 salutaris
347 1163 477 1208 intenditur;
495 1166 652 1208 consequenter
668 1164 696 1201 ad
712 1163 754 1201 hoc
770 1163 856 1206 eligitur
872 1173 917 1206 gra·

90 1235 120 1272 tia
136 1234 211 1272 efficax
228 1246 271 1280 qua
287 1236 383 1273 medium
400 1236 546 1288 necessarium
563 1235 591 1273 ad
608 1238 679 1273 actum
694 1235 860 1279 praedefinitum
876 1235 917 1272 elii-

91 1307 202 1354 ciendum;
218 1307 287 1351 gratia
302 1307 376 1345 efficax
393 1308 484 1351 eligitur,
500 1307 550 1352 quia
565 1310 596 1345 est
612 1291 693 1347 efficar'c
707 1304 860 1345 Praedeflnitio
876 1308 918 1344 vir-

90 1380 155 1417 tualis
164 1380 262 1424 habetur,
272 1380 290 1417 si
301 1380 425 1417 immediate
436 1381 507 1423 ipsum
518 1380 622 1417 auxilium
632 1379 713 1424 gratiae
722 1378 849 1423 intenditur,
860 1379 918 1423 quod

91 1452 159 1490 scitur
172 1458 226 1489 'cum
243 1455 293 1490 actu
312 1452 400 1489 salutari
419 1452 565 1489 infallibiliter·
584 1452 724 1489 coniunctum
743 1461 799 1497 esse;
819 1462 844 1489 eo
863 1451 918 1495 ipso,

91 1525 150 1569 quod
171 1524 296 1562 decernitur
316 1524 370 1561 haec
391 1524 459 1567 gratia
479 1524 575 1561 absoluto
597 1524 674 1567 danda,
697 1523 852 1566 praedefinitur
871 1523 918 1566 ipse

92 1599 152 1634 actus
166 1597 273 1635 salutaris.

144 1668 302 1706 Praedeiinitio
320 1669 418 1706 formalis
435 1673 466 1706 est
480 1668 550 1712 logica
565 1669 720 1712 consequentia
735 1670 758 1705 in
776 1669 876 1705 doctrina
893 1668 919 1704 de

92 1741 290 1785 praedestinatione
302 1741 330 1778 ad
344 1741 436 1785 gloriam
449 1743 498 1778 ante
511 1742 611 1784 praevisa
625 1741 708 1778 merita.
722 1740 777 1784 Quia
790 1740 847 1776 Deus
861 1739 919 1776 hunc

93 1814 188 1851 adultum
206 1814 233 1851 ad
248 1814 312 1851 talem
328 1813 419 1857 gradum
435 1813 516 1857 gloriae
533 1814 602 1857 elegit,
618 1816 734 1857 propterea
748 1813 799 1856 vult,
815 1815 839 1849 ut
855 1812 919 1849 homo

92 1887 198 1924 moriatur
213 1898 260 1923 cum
278 1886 355 1924 merito
371 1886 406 1923 cui
420 1886 469 1923 talis
483 1885 562 1929 gradus
578 1886 659 1930 gloriae
674 1889 784 1929 tamquam
799 1884 920 1928 praemium

92 1959 218 2003 respondet;
233 1962 350 2002 propterea
364 1958 410 1995 vuit
422 1958 472 1995 illos
487 1961 546 1995 actus
562 1958 671 2001 salutares,
686 1957 765 2001 quihus
780 1956 808 1994 ad
822 1957 864 1993 tale
878 1966 920 1993 me-

93 2031 157 2069 ritum
169 2032 291 2075 perveniat;
304 2034 420 2075 propterea
432 2030 477 2068 vult
487 2029 538 2067 dare
548 2029 596 2067 illas
608 2029 694 2074 gratias,
705 2028 783 2073 quihus
795 2029 860 2065 homo
871 2028 919 2065 illos

94 2106 153 2141 actus
165 2103 312 2141 infallibiliter
322 2099 396 2146 ponet.
406 2102 433 2138 Et
445 2101 545 2140 similiter
558 2101 638 2139 dicitur
651 2101 677 2139 de
688 2100 771 2139 actibus
784 2099 920 2140 salutaribus.

94 2187 147 2220 quos
164 2186 207 2213 non
225 2175 399 2219 praedestinatus
417 2175 439 2210 in
457 2174 548 2211 decursu
564 2175 620 2212 vitae
636 2184 686 2211 suae
703 2172 776 2217 ponit:
796 2172 847 2216 quia
863 2172 920 2209 Deus

94 2249 139 2285 vult
150 2248 199 2286 illos
213 2252 273 2285 actus
286 2248 312 2285 ab
326 2259 351 2284 eo
364 2247 424 2291 poni,
438 2249 553 2290 propterea
566 2246 650 2284 confert
664 2245 754 2290 gratiam
767 2245 794 2282 ad
807 2244 847 2281 hos
861 2247 920 2281 actus

95 2320 216 2358 efficacem.

149 2394 200 2433 Cum
218 2395 241 2432 iu
260 2383 352 2433 tractatu
371 2395 402 2432 De
420 2394 466 2431 Deo
484 2405 527 2431 uno
546 2394 766 2437 praedestinationem
784 2394 812 2431 ad
830 2393 921 2437 gloriam

95 2473 144 2506 aute
161 2468 261 2511 praevisa
278 2467 355 2505 merita
373 2477 416 2503 non
435 2477 481 2504 esse
498 2466 654 2504 admittendam
673 2466 798 2509 dixerimus,
814 2463 921 2509 praedefi-

95 2540 189 2578 nitiones
202 2539 304 2577 formales
318 2547 409 2583 quoque,
425 2538 500 2575 saltem
513 2538 672 2582 universaliter,
687 2538 751 2576 nobis
765 2548 809 2575 non
823 2539 873 2575 sunt
886 2537 921 2574 ad—

144 2707 163 2729 Μ
175 2703 248 2736 Beraza
262 2712 292 2735 nr.
307 2701 346 2735 6⁰3.
