1952 3093
374 72 496 109 -255-

24 210 66 239 non
79 199 155 241 potest,
168 206 222 239 quos
233 196 290 232 Deus
303 195 345 232 sihi
357 194 464 238 etegent»
473 197 497 231 ⁷⁷.
511 193 563 237 Cap.
575 194 610 230 13:
627 193 751 230 «Similiter
763 193 789 229 de
801 203 849 235 per-

25 269 156 311 severantiae
169 277 291 304 munere...
304 276 367 303 nemo
383 266 425 303 sibi
440 266 493 303 certi
508 266 591 310 aliquid
606 266 704 303 absoluta
718 265 849 302 certitudine

24 342 157 390 polliceatur.
166 367 170 375 .
180 368 184 377 .
194 340 218 375 iu
229 350 289 383 spem
300 339 381 383 gloriae
392 342 412 375 et
423 338 520 375 nondum
530 338 553 373 in
564 338 655 382 gloriam
666 338 736 375 renati
746 340 816 374 sunt...
823 339 848 373 ⁷8.

24 439 50 446 φ
63 413 114 455 Cap.
127 412 163 449 14:
181 411 242 455 «Qui
255 422 307 448 vero
321 411 347 448 ah
359 414 450 454 accepta
463 409 623 465 iustificationis
638 405 708 453 gratia
720 410 760 453 per
773 420 850 453 peeca-

24 493 67 526 tum
81 484 215 526 exciderunt,
230 494 304 521 rursus
318 482 432 520 iustificari
444 484 553 526 poterunt,
566 493 615 519 cum
629 483 736 519 excitante
749 482 794 520 Deo
809 492 849 525 per

24 556 169 604 poenitentiae
182 558 341 592 sacramentum
354 555 432 592 merito
444 554 526 592 Christi
541 554 642 591 amissam
655 554 746 597 gratiam
760 565 849 597 recupe-

25 641 71 668 rare
88 627 307 676 procuraverint...»
316 630 341 663 ⁷¹⁹.
357 649 385 654 —
402 627 453 664 Can.
471 626 516 670 232
527 626 570 663 «Si
587 627 635 670 quis
653 626 764 663 hominem
783 627 849 663 semel

25 700 161 740 iustificatum
173 699 253 736 dixerit
265 699 357 742 amplius
369 709 460 741 peccare
471 709 515 735 non
525 709 595 741 posse,
606 709 675 741 neque
685 699 776 741 gratiam
788 698 849 735 amit-

25 780 68 811 tere
84 774 146 815 atque
162 771 212 808 ideo
228 771 336 815 eumqui
352 770 433 807 labitur
447 774 468 807 et
483 773 565 814 peccat,
581 780 698 813 numquam
715 781 765 807 vere
782 771 849 807 inisse

26 844 183 883 iustificatum..
193 873 196 880 .
209 842 232 880 A.
244 843 264 881 S.
272 837 282 879 >r
290 846 316 879 ²³⁰.
355 875 356 879 ,

74 927 180 964 Cumanus
193 926 219 963 XI
234 927 344 964 damnavit
358 937 453 964 errorem
466 926 577 963 Paschasii
590 926 730 969 Quesne143:
747 925 849 962 «Primus

26 999 113 1037 effectus
127 998 208 1042 gratiae
222 998 358 1042 baptismalis
373 1001 405 1034 est
414 995 497 1041 tacere,
513 1001 536 1035 ut
551 998 670 1035 moriamur
683 1000 780 1042 peccato,
795 998 848 1035 adeo

25 1075 47 1108 ut
59 1070 155 1113 spiritus,
169 1081 213 1113 cor,
228 1080 303 1107 sensus
317 1080 362 1107 non
376 1069 470 1107 habeant
484 1070 533 1113 plus
547 1071 604 1106 vitae
618 1080 658 1113 pro
673 1072 769 1113 peccato,
784 1080 849 1114 quam

26 1144 88 1179 horno
99 1145 196 1179 mortuus
208 1142 286 1179 habeat
297 1152 339 1185 pru
350 1141 414 1179 rebus
427 1142 503 1179 mundi
512 1155 522 1178 »
531 1145 555 1178 ⁸1.

355 1406 375 1443 S.
391 1406 511 1443 Scaurum

78 1561 131 1598 Rom
147 1561 177 1605 11,
192 1561 217 1598 20
233 1573 271 1598 ss.:
290 1561 341 1598 «Tu
356 1564 426 1598 autem
440 1561 482 1598 fide
495 1566 549 1599 stas:
566 1562 616 1598 Noli
632 1563 698 1598 aitum
712 1573 795 1605 saper-e,
810 1563 848 1598 sed

26 1633 82 1670 time.
98 1632 120 1670 Si
132 1633 263 1670 enimDeus
276 1632 410 1670 naturalibus
426 1633 492 1670 ramis
508 1644 551 1670 nnn
567 1633 676 1677 pepercit:
695 1644 722 1670 ne
736 1633 792 1670 forte
808 1644 848 1670 nec

25 1703 64 1740 tibi
75 1706 157 1748 parcat.
168 1704 223 1741 Vide
232 1714 284 1748 ergo
294 1704 414 1742 honitatem
427 1709 448 1742 et
459 1705 595 1742 severitatem
606 1705 656 1742 Dei:
669 1706 693 1742 in
705 1716 741 1742 eos
753 1705 848 1749 quidem,

25 1775 61 1819 qui
73 1776 205 1819 ceciderunt,
218 1777 365 1813 severitatem:
379 1777 402 1812 in
414 1779 434 1813 te
447 1779 518 1813 autem
528 1776 647 1814 honitatem
659 1777 705 1820 Dei,
718 1778 737 1813 si
749 1788 848 1820 perman-

27 1848 78 1885 seris
90 1848 112 1884 in
123 1849 226 1891 bonitate,
237 1849 333 1892 alioquin
345 1852 366 1886 et
377 1852 399 1885 tu
411 1849 545 1886 excideris».
555 1872 583 1876 --
593 1850 603 1886 1
617 1849 658 1886 Cor
667 1850 685 1894 9,
696 1849 731 1886 27:
745 1849 850 1892 «Castigo

26 1929 103 1962 corpus
116 1930 194 1963 meum,
206 1923 227 1956 et
238 1920 262 1956 in
275 1920 400 1957 servitutem
412 1920 494 1973 redigo,
507 1931 534 1957 ne
545 1920 601 1958 forte
614 1931 663 1957 cum
675 1920 724 1958 aliis
736 1921 848 1964 praedica-

26 1990 100 2035 verim,
112 1991 161 2034 ipse
174 1991 280 2035 reprobus
291 1991 399 2029 efficiar».
412 2014 441 2019 —
453 1993 464 2029 1
479 1991 520 2029 Cor
533 1992 564 2036 10,
578 1992 613 2029 12:
631 1992 691 2035 «Qui
705 2003 727 2029 se
740 1992 849 2030 existimat

27 2063 87 2105 stare,
97 2063 206 2099 videatne
218 2063 282 2100 cadat
290 2076 307 2100 ».
318 2086 346 2090 —
356 2062 415 2106 Apoc
427 2064 445 2108 3,
457 2064 492 2100 11:
508 2076 518 2100 «
526 2064 584 2100 Tene
596 2064 654 2107 quod
665 2064 738 2108 habes,
750 2067 773 2100 ut
785 2075 848 2101 nemo

29 2134 134 2178 acccipiat
146 2145 249 2172 coronam
259 2137 344 2173 tuam».
642 2129 644 2131 ¹

76 2217 150 2255 Patres
163 2219 213 2255 vide
226 2219 249 2254 in
262 2221 325 2261 parte
338 2222 446 2262 sequente.

27 2340 167 2348 ᾖ*

74 2432 90 2452 ῖῖ
103 2429 156 2460 Denz
168 2429 208 2460 805.

73 2491 91 2513 7⁸
103 2488 156 2521 Dcnz
169 2489 209 2521 806,

74 2550 91 2572 ⁷⁹
104 2548 156 2580 Denz
169 2549 209 2580 807.
221 2567 246 2571 -—
257 2549 286 2581 Cf.
300 2549 410 2581 doctrinam
422 2549 444 2581 de
458 2553 580 2582 sacramento
591 2550 731 2590 poenitentiae,
745 2561 795 2590 quae
808 2554 850 2585 tota

29 2608 182 2642 possibilitatem
196 2609 310 2642 amissionis
323 2609 398 2647 gratiae
410 2610 509 2648 supponit.
809 2601 810 2604 ¹

75 2671 92 2693 8⁰
105 2669 158 2701 Denz
171 2669 211 2702 833.
225 2669 253 2701 Cf.
267 2679 309 2702 can.
322 2669 350 2708 29,
363 2669 416 2702 Denz
429 2669 469 2703 839,

76 2731 93 2753 81
106 2728 158 2761 Denz
171 2729 222 2762 1393.
