1952 3093
459 33 567 70 ..42-

102 153 166 196 Inte,
181 152 274 196 domine,
288 153 380 197 speravi,
394 163 437 190 non
452 152 575 190 confundar
588 154 611 190 in
624 156 745 191 aeternum:
762 154 784 190 in
798 153 881 193 iustitia
895 158 929 193 tua

102 225 171 262 libera
186 236 226 268 me,
242 225 322 262 nonin
339 235 393 268 mea,
407 225 445 262 sed
460 226 483 261 in
499 228 541 269 tua,
557 225 634 270 inquit,
650 226 674 263 id
688 230 719 263 est
733 227 755 263 in
772 227 855 265 iustitia
870 226 930 265 Chri-

103 297 130 334 sti
146 297 186 335 Dei
203 297 252 343 mei,
267 308 322 341 quae
339 301 371 336 est
387 308 426 341 per
442 297 513 341 fidem,
530 309 570 341 per
586 298 684 342 gratiam,
700 309 740 342 per
756 299 930 337 misericordiam

102 370 142 408 Dei
156 372 230 408 nostra
243 370 307 415 lacta,
321 374 341 408 et
354 371 408 408 haec
422 374 512 408 vocatur
526 370 549 407 in
564 371 667 414 psalterio
681 383 720 415 per
734 373 800 409 multa
813 372 861 410 loca
877 384 930 416 opus

104 443 193 487 domini,
207 443 323 487 confessio,
337 443 405 480 virtus
418 444 464 488 Dei,
478 443 636 487 misericordia,
650 444 736 489 veritas,
750 444 839 482 iustitia.
853 445 930 483 Omnia

104 516 156 552 haec
176 519 225 552 sunt
241 516 329 552 nomina
347 516 397 553 fidei
416 517 437 552 in
457 515 572 560 Christum,
590 517 656 554 immo
674 516 769 554 iustitiae
786 528 840 561 quae
859 520 890 554 est
908 518 930 554 in

105 588 197 626 Christo.
209 588 272 626 Unde
284 588 400 633 Apostolus
412 589 439 626 ad
452 586 489 626 Gal
502 589 513 625 2
528 589 592 627 audet
606 589 689 627 dicere:
704 589 758 627 Vivo
772 590 816 627 iam
828 600 872 627 non
886 600 931 634 ego,

105 660 159 697 vivit
171 671 222 698 vero
235 661 258 697 111
272 672 305 699 me
319 660 423 705 Christus,
435 664 455 698 et
468 662 496 698 ad
508 661 563 705 Eph.
577 662 595 699 3.
607 662 635 700 Ut
649 662 685 699 det
696 662 758 700 vohis
772 661 881 700 Christum
894 662 930 700 ha-

104 734 173 771 bitare
188 733 306 778 perfidem
321 734 344 770 in
360 734 462 771 cordibus
477 734 562 771 vestris.
576 734 634 772 Haec
648 735 713 779 igitur
728 735 811 771 iustitia
827 735 897 772 aliena
912 738 932 772 et

105 806 151 842 sine
165 805 249 843 actibus
263 806 343 843 nostris
356 817 394 850 per
408 806 475 844 solam
489 806 580 850 gratiam
594 806 666 843 intusa
678 806 748 850 nohis,
763 806 861 844 trahente
873 806 931 843 intus

106 877 189 915 scilicet
205 881 321 921 patrenus
338 879 365 915 ad
381 877 496 922 Christum,
513 879 631 922 opponitur
646 882 736 922 peccato
751 878 859 924 originali,
874 878 932 923 quod

106 950 200 987 alienum
215 950 316 988 similiter
332 954 362 988 est
378 951 425 988 sine
440 950 521 987 nostris
537 951 620 988 actibus
635 962 674 994 per
690 951 758 988 solam
772 950 932 994 generationem

106 1022 168 1060 nobis
186 1025 301 1066 cognatum
318 1027 338 1060 et
355 1026 496 1061 contractum.
512 1022 538 1060 Et
555 1023 584 1060 ita
602 1022 804 1066 Christus'expellit
820 1022 888 1060 Adam
907 1023 932 1060 de

107 1096 141 1132 die
157 1095 181 1131 in
198 1095 255 1132 diem
271 1095 340 1139 magis
357 1098 377 1133 et
393 1096 468 1140 magis,
484 1095 602 1133 secundum
620 1096 678 1139 quod
694 1095 772 1132 crescit
789 1095 826 1132 illa
842 1094 895 1132 fides
913 1097 933 1132 et

106 1168 201 1211 cognitio
217 1167 304 1206 Christi.
318 1168 365 1205 Non
381 1168 439 1205 enim
452 1171 495 1205 tota
509 1168 573 1204 simul
588 1167 717 1212 infunditur,
733 1167 771 1204 sed
784 1167 869 1210 incipit,
884 1177 933 1211 pro-

106 1240 151 1277 ficit
166 1244 186 1278 et
200 1240 312 1283 perficitur
326 1240 414 1278 tandem
429 1241 452 1277 in
467 1240 509 1277 fine
523 1251 562 1284 per
577 1243 674 1277 mortem.
689 1239 788 1277 Secunda
804 1239 886 1276 iustitia
902 1241 933 1277 est

106 1315 180 1350 nostra
193 1315 213 1350 et
225 1313 321 1357 propria,
335 1323 378 1350 non
392 1313 450 1357 quod
462 1323 501 1350 nos
516 1313 556 1350 soli
569 1322 685 1356 operemur
696 1322 749 1355 eam,
762 1312 800 1349 sed
813 1311 871 1356 quod
885 1322 932 1348 coo-

106 1396 207 1429 peremur
221 1386 254 1423 illi
268 1386 351 1429 primae
367 1388 387 1423 et
400 1386 489 1423 alienae.
504 1385 561 1422 Haec
575 1396 633 1422 nunc
648 1388 679 1422 est
693 1384 731 1421 illa
746 1383 882 1422 conversatio
897 1383 933 1421 ho-

107 1469 134 1495 na
151 1458 174 1494 in
191 1458 294 1501 operibus
310 1457 394 1495 bonis...
410 1458 468 1495 Haec
483 1457 566 1494 institis
584 1461 615 1494 est
633 1468 686 1501 opus
702 1456 784 1500 prioris
800 1456 896 1493 iustitiae
914 1459 933 1493 et

108 1531 190 1568 tructus
208 1533 271 1575 atque
290 1531 376 1574 sequela
395 1530 511 1567 eiusdem...
531 1530 589 1566 Haec
607 1529 690 1566 iustitia
708 1528 827 1572 opponitur
844 1532 933 1571 peccato

108 1603 187 1641 actuali
204 1606 224 1640 et
239 1602 330 1648 proprio
348 1605 428 1646 nostro,
446 1607 469 1640 ut
486 1602 513 1639 ad
530 1602 561 1640 Ro
579 1602 597 1639 o.
614 1600 673 1638 Sicut
691 1600 820 1637 exhibuistis
838 1600 933 1637 membra

107 1678 178 1713 vestra
191 1676 272 1712 servire
285 1675 395 1719 iniquitati
410 1674 437 1712 ad
451 1674 594 1719 iniquitatem,
608 1675 638 1710 ita
651 1683 709 1710 nunc
724 1671 823 1710 exhibete
837 1672 933 1709 membra

108 1751 178 1786 vestra
193 1748 274 1785 servire
290 1747 385 1785 iustitiae
401 1748 423 1784 in
439 1746 684 1784 sanctificationemsu.

159 1820 215 1857 «Est
231 1821 290 1858 enim
306 1823 419 1865 peccatum
436 1821 551 1858 remissum
566 1832 605 1864 per
622 1822 719 1865 gratiam,
738 1826 757 1859 et
775 1825 806 1859 est
821 1825 934 1865 peccatum

108 1893 215 1937 reliquum
227 1894 250 1930 in
264 1897 335 1931 carne.
348 1894 463 1931 Peccatum
474 1905 514 1937 per
525 1893 615 1937 gratiam
629 1893 743 1931 remissum
756 1897 794 1938 est,
806 1894 864 1939 quod
877 1894 934 1932 Deus

108 1969 198 2009 propter
216 1965 325 2003 Christum
342 1976 385 2003 non
404 1965 456 2003 velit
473 1976 513 2003 nos
532 1967 636 2009 deserere,
653 1969 850 2011 quantumcumque
868 1967 935 2004 simus

108 2042 239 2082 peccatores,
254 2039 291 2075 sed
305 2039 363 2082 quod
375 2038 427 2075 velit
441 2037 613 2076 misericorditer
626 2038 738 2082 indulgere
752 2038 822 2082 nobis
836 2038 874 2083 qui
886 2050 935 2083 pec-

110 2114 156 2147 cato
173 2111 253 2154 perditi
270 2115 289 2147 et
304 2111 401 2154 corrupti
416 2121 495 2148 sumus.
512 2110 557 2147 Hoc
573 2113 686 2153 peccatum
701 2121 740 2154 per
756 2110 847 2154 gratiam
862 2112 935 2148 remis-

110 2195 156 2220 sum
172 2195 215 2219 non
231 2183 283 2220 satis
298 2186 336 2226 est,
350 2194 401 2220 nam
416 2194 455 2227 per
469 2182 616 2219 infirmitatem
632 2183 724 2220 subinde
739 2183 762 2219 in
777 2187 867 2226 peccata
882 2184 935 2221 rela-

109 2257 187 2293 hitnur.
205 2256 312 2292 Vellemus
332 2255 398 2299 igitur
417 2266 461 2292 non
480 2255 549 2292 solnm
569 2258 682 2298 peccatum
702 2255 789 2298 remitti,
810 2256 847 2292 sed
867 2258 935 2293 totum

110 2329 197 2365 attoleri.
209 2329 263 2365 Nam
275 2331 394 2372 peccatum,
409 2328 465 2364 sicut
476 2327 608 2370 Augustinus
621 2326 723 2371 loquitur,
737 2330 786 2364 actu
800 2330 877 2372 manet,
891 2338 936 2365 rea-

109 2404 132 2437 tu
146 2404 215 2437 autem
231 2401 315 2442 transit,
330 2400 372 2438 hoc
388 2403 425 2444 est,
441 2411 475 2437 res
491 2399 544 2443 ipsa,
560 2410 614 2443 quae
629 2410 679 2437 vere
694 2402 808 2443 peccatum
823 2402 889 2437 estet
904 2411 936 2437 re-

110 2473 175 2509 missa
191 2476 222 2509 est
236 2484 260 2509 ac
276 2484 287 2509 a
303 2473 347 2509 Deo
362 2473 472 2518 toleratur,
488 2483 513 2509 ea
528 2475 600 2509 manet
615 2472 638 2508 in
652 2482 717 2509 carne
731 2472 815 2516 reliqua
830 2482 870 2510 nec
885 2472 936 2509 dum

109 2546 173 2588 plane
187 2549 271 2582 mortua
286 2548 323 2588 est,
337 2545 380 2582 nisi
394 2545 453 2589 quod
466 2555 506 2588 per
521 2543 636 2587 Christum,
651 2544 707 2581 sicut
720 2544 743 2581 in
758 2542 836 2582 Genesi
849 2544 936 2587 dicitur,

158 2710 175 2731 ³3
189 2706 254 2739 Sermo
269 2707 291 2739 de
305 2706 378 2745 duplici
393 2707 472 2739 iustitia
489 2706 558 2744 (1519).
574 2707 608 2745 Op.
622 2716 674 2738 omn.
689 2706 706 2745 2,
720 2705 754 2738 146
769 2716 783 2738 s.
