1952 3093
456 22 578 68 -2‘54-

158 154 226 191 «Solo
235 165 258 190 »2
272 153 326 190 Sunt
337 154 443 198 quaedam
455 156 545 196 peccata
557 153 648 195 minora,
661 163 715 196 quae
728 153 751 188 iu
765 152 821 189 iusto
833 153 928 191 inveniri

103 229 195 270 possunt
210 226 263 269 quin
280 229 349 262 cesset
365 237 411 263 esse
427 226 505 270 iustus;
523 228 572 261 sunt
588 225 685 267 praecise
703 224 740 260 ill-a
756 216 813 267 quae
828 225 929 262 dicuntur

104 298 204 335 venialia.

157 395 167 418 «
176 382 261 419 Iustitia
269 394 291 419 »ε
304 383 433 426 intelligitur
443 383 542 426 proxime
556 382 581 418 de
593 382 632 418 illo
645 381 708 424 dono,
720 392 762 425 quo
774 380 839 419 homo
848 382 929 419 torma-

104 455 154 492 liter
171 455 240 491 iustus
258 455 403 498 constituitur,
422 456 459 491 001.
477 455 503 491 de
520 454 589 498 gratia
607 443 762 496 sanctificante,
781 465 829 490 rum
848 453 930 497 Spiritu

106 526 365 564 80001010001111001075.
381 526 443 570 Quod
458 527 485 563 ad
500 527 590 562 virtutes
605 526 689 561 infusas
704 526 785 569 attinet,
801 526 824 561 in
838 528 930 562 tractatu

106 599 132 635 de
145 599 262 635 virtutihus
277 599 356 636 infusis
363 603 381 624 ⁷⁶
396 599 510 642 probatum
524 602 562 641 est,
577 598 678 635 virtutem
693 597 790 634 caritatis
804 598 868 634 simul
881 608 930 634 cum

105 671 175 714 gratia
189 670 337 708 sanctificante
352 672 428 715 amitti,
443 681 493 714 ergo
507 671 567 707 omni
581 673 601 706 et
615 670 660 706 solo
675 673 764 712 peccato
779 670 874 716 mortali;
889 670 930 705 vir-

106 746 172 779 tutem
187 743 240 787 spei,
253 753 293 785 per
307 746 421 786 peccatum
435 743 478 786 ipsi
494 742 575 779 directe
590 742 720 785 oppositum,
735 745 755 778 et
769 742 869 779 virtutem
884 742 930 785 spei

105 817 126 852 et
137 814 189 851 fidei
200 825 241 858 per
251 818 366 857 peccatum
377 815 428 852 fidei
442 812 523 851 directe
535 814 666 858 oppositum.
677 813 735 850 Haec
748 813 837 851 amissio
849 813 930 857 gratiae

106 898 149 923 non
162 887 194 924 sic
206 887 347 930 intelligenda
361 891 398 932 est,
412 899 437 924 ac
451 888 468 924 si
481 887 546 924 homo
560 898 600 930 per
612 883 725 930 peccatum
737 886 828 929 physice
841 886 932 929 gratiam

107 959 236 1003 destrueret;
249 959 289 995 sed
302 959 358 996 sicut
369 970 383 996 a
393 959 438 996 Deo
450 959 537 995 habitus
551 958 725 1002 supernaturales
736 958 889 1001 infunduntur,
901 958 931 994 ita

107 1031 171 1067 etiarn
187 1042 200 1067 a
214 1031 259 1067 Deo
274 1030 366 1074 physice
383 1031 528 1073 destruuntur,
545 1031 564 1066 si
579 1030 645 1067 homo
660 1029 840 1072 impedimentum
856 1033 931 1066 contra

108 1103 169 1139 illum
181 1102 280 1139 habitum
293 1103 361 1145 ponit.

159 1186 235 1223 Thesis
248 1190 280 1223 est
294 1186 382 1224 definita
395 1187 418 1222 in
433 1187 527 1223 concilio
540 1186 666 1223 tridentino.

159 1271 212 1307 Tres
226 1273 275 1306 sunt
287 1274 360 1313 partes
373 1270 451 1308 thesis:
468 1270 487 1311 1)
502 1270 584 1306 iustitia
597 1270 666 1306 amitti
680 1272 759 1313 potest3
773 1269 792 1312 2)
807 1270 867 1307 omni
881 1281 930 1313 pec—

108 1345 155 1378 cato
167 1342 262 1385 mortali;
276 1341 295 1383 3)
308 1343 355 1379 0010
364 1345 455 1385 peccato
465 1341 558 1379 mortali.

108 1583 120 1619 l.
133 1584 199 1616 lustitia
212 1584 265 1616 amitti
279 1587 340 1624 potest.

429 1714 480 1750 Doc.
492 1712 611 1748 Eccrmsma

160 1844 224 1882 Couc.
239 1854 397 1889 rnrnnurruun,
413 1855 459 1888 cap.
475 1844 510 1881 12:
527 1844 613 1880 «Nemo
628 1855 719 1888 quoque,
734 1844 837 1889 quamdiu
852 1845 875 1880 in
890 1845 935 1894 hac

108 1918 237 1954 mortalitate
255 1917 341 1961 vivitur,
361 1918 386 1955 de
405 1927 483 1954 arcano
503 1917 589 1953 (livinae
607 1916 812 1960 praedestinationis
829 1917 932 1959 mysterio

108 1999 175 2032 usque
190 1988 243 2046 adeo
258 1999 397 2031 praesumere
413 1988 481 2032 debet,
496 1991 519 2024 ut
533 1991 591 2025 certo
606 1990 690 2031 statuat,
705 1998 727 2024 se
742 1988 832 2025 omnino
848 1999 894 2025 esse
907 1988 930 2023 in

107 2071 197 2097 numero
210 2060 428 2103 praedestinatorum,
443 2060 504 2103 quasi
518 2070 593 2096 verum
607 2062 668 2102 esset,
681 2059 739 2103 quod
753 2059 880 2096 iustificatus
894 2064 931 2096 aut

109 2133 202 2175 amplius
216 2142 307 2175 peccare
322 2143 366 2169 non
380 2132 456 2175 possit,
472 2134 513 2174 aut,
528 2132 546 2168 si
559 2131 688 2175 peccaverit,
704 2134 784 2168 certam
798 2132 840 2168 sibi
856 2132 931 2175 resipi-

109 2203 214 2241 scentiam
226 2204 353 2247 promittere
365 2204 448 2241 debeat.
460 2203 521 2246 Nam,
532 2203 575 2239 nisi
589 2215 614 2240 ex
627 2203 717 2246 speciali
730 2204 867 2247 revelatione,
880 2203 932 2240 sciri

109 2388 163 2416 prop.
178 2379 210 2410 30:
228 2389 238 2409 «
246 2379 349 2410 Peccatum
365 2378 442 2410 veniale
458 2380 487 2409 est
504 2380 558 2410 actus
568 2378 672 2410 humanus
688 2377 791 2409 moraliter
807 2378 877 2416 malus,
894 2388 932 2417 quo

109 2448 149 2470 non
170 2439 249 2470 tollitur
267 2439 377 2471 habitualis
398 2439 500 2470 conversio
522 2438 545 2469 ad
564 2438 622 2470 finem
642 2438 736 2470 ultimum
757 2447 791 2476 per
812 2436 932 2470 caritatem»

113 2499 226 2536 (1100252).

157 2562 174 2583 ⁷5
188 2559 298 2590 Secundum
313 2559 400 2598 00011111
415 2559 500 2596 gratiam
514 2559 668 2590 sanctificantem
684 2558 764 2590 realiter
777 2559 883 2591 identi‘cam
897 2559 932 2590 ha-

110 2619 157 2651 hent
169 2628 213 2650 cum
225 2619 313 2658 caritate,
326 2618 477 2657 intelligendum
489 2622 518 2651 est
531 2618 553 2651 de
564 2618 652 2651 caritate.

133 2685 135 2690 ’
158 2682 174 2703 ⁷6
188 2679 219 2710 Nr.
232 2679 266 2711 646
279 2688 304 2711 ss.
