1952 3093
434 61 556 97 -147-

82 185 169 223 ugentes,
186 182 240 221 quod
256 182 285 215 ait
300 182 343 221 ipse
360 180 473 221 apostolus:
492 182 617 214 Arbitramur
634 181 737 214 iustificari
755 181 857 214 hominem
874 190 908 219 per

81 246 138 278 fidem
152 243 195 275 sine
207 242 300 281 operibus
313 242 368 282 legis,
380 245 501 282 putaverunt
516 251 561 275 eum
576 242 639 275 dicere
652 242 739 275 sufficere
752 242 830 275 homini
844 241 909 279 fidem,

82 303 160 338 etiamsi
171 303 224 336 male
235 303 291 337 vivat
301 305 320 336 et
332 303 386 336 bona
396 312 457 342 opera
468 312 511 338 non:
520 303 599 335 habeat.
612 302 668 341 Quod
680 302 733 335 absit
745 306 767 335 ut
779 303 862 335 sentiret
874 312 909 334 vas

82 364 190 404 electionis,
203 364 244 403 qui,
259 373 304 396 cum
319 364 402 397 dixisset
417 364 503 403 quodam
518 364 572 396 loco:
587 363 610 395 In
625 363 704 396 Christo
720 364 773 396 enim
787 363 832 396 Iesu
845 372 910 402 neque

82 424 205 460 circumcisio
219 424 296 464 aliquid
310 424 364 458 vaiet
378 433 442 464 neque
455 423 588 463 praeputium,
603 432 650 456 mor
665 423 730 456 addit:
748 424 781 456 sed
796 424 843 456 fides
859 433 909 463 qnae

82 496 116 527 per
128 485 254 518 dilectionem
266 488 365 524 operatur.
376 485 422 524 Ipsa
433 487 463 518 est
473 473 521 517 tides
533 494 584 524 quae
593 483 659 517 fideles
673 488 751 524 separat
764 485 788 517 ab
799 484 909 517 immundis

83 545 221 585 daemonibus;
235 548 315 578 namet
329 546 374 585 ipsi,
388 545 440 578 sicut
452 545 501 578 dicit
515 545 617 584 apostolus
632 544 720 583 Iacobus,
735 546 816 578 eredunt
830 548 849 578 et
863 554 909 578 con-

83 607 205 646 tremiscunt,
220 607 254 639 sed
268 616 309 639 non
323 607 374 639 hene
386 608 495 645 operantur
501 616 511 639 »
517 609 542 638 24.

131 668 149 706 3)
163 667 220 700 Fides
232 668 256 700 ad
268 667 431 700 iustificationem
442 667 540 706 requisita
551 676 591 699 non
604 667 634 699 est
646 666 693 699 fides
706 666 822 705 dogmatica.
835 667 862 699 De
873 667 910 699 hac

83 739 103 762 re
115 728 160 761 vide
172 728 200 760 De
212 728 328 768 virtutibus,
340 728 390 761 thes.
404 728 420 760 1.
518 726 520 729 ’

130 789 149 826 4)
163 789 183 821 Si
195 789 310 821 iustificatio
322 791 352 821 est
365 798 388 820 ex
401 788 500 827 operibus,
513 798 553 821 non
566 788 607 821 iam
620 791 650 821 est
662 788 729 827 gratis.
742 807 767 811 —
778 789 834 827 Resp.
848 788 907 821 Distt

83 850 99 883 si
116 852 145 882 est
159 858 183 881 ex
197 849 290 888 operibus
305 849 432 881 naturalibus
448 842 557 881 meritoriis
572 849 595 881 de
610 849 712 887 condigno,
728 859 790 887 conc.;
808 849 824 881 si
841 851 870 881 est
887 859 910 881 ex

83 909 175 950 operibus
188 919 233 942 cum
247 909 323 942 auxilio
335 910 410 947 gratiae
423 911 526 948 tamquam
540 909 697 949 disponentibus,
710 917 765 947 nego.

259 1130 316 1164 Utrum
330 1133 379 1163 actus
391 1130 500 1171 disponentes
513 1130 548 1164 siut
560 1130 649 1172 dispositio
663 1130 733 1171 myster
779 1169 781 1171 ,

137 1252 169 1289 Ex
186 1253 250 1290 dietis
266 1257 331 1297 patet,
348 1253 458 1290 hominem
473 1264 517 1290 non
533 1265 591 1291 mere
606 1254 693 1297 passive
708 1265 730 1291 se
746 1255 827 1305 habere
843 1254 866 1290 in
882 1255 912 1291 iu-

85 1326 213 1363 stificatione
232 1336 276 1369 sna,
296 1326 334 1363 sed
354 1326 432 1362 debere
451 1326 571 1371 cooperari,
591 1337 613 1363 se
631 1336 769 1372 praeparare,
788 1326 911 1370 disponere.

85 1398 142 1434 Haec
156 1397 271 1441 dispositio
284 1391 383 1440 proxime
396 1402 427 1434 est
440 1398 528 1435 moralis
541 1398 607 1442 idque
620 1399 646 1435 ab
659 1398 759 1436 omuibus
773 1398 910 1442 conceditur

85 1480 134 1507 nam
149 1469 183 1507 his
200 1470 284 1507 actibus
298 1470 363 1508 homo
378 1470 490 1507 moraliter
504 1471 572 1514 magis
588 1473 650 1514 aptus
667 1474 704 1514 est,
721 1471 758 1515 qui
774 1471 867 1514 recipiat
880 1472 911 1508 iu-

85 1542 172 1579 stitiam.
188 1541 361 1580 Controvertitnr
376 1545 447 1579 autem
462 1543 519 1579 inter
535 1542 652 1586 theologos,
669 1543 700 1580 nti
716 1553 782 1587 supra
796 1544 839 1580 iam
855 1543 912 1580 indi-

85 1617 156 1651 catum
171 1617 208 1658 est,
223 1617 295 1650 utrum
308 1617 370 1651 -actus
385 1614 418 1650 illi
432 1614 497 1651 etiam
512 1615 556 1651 sint
570 1615 685 1659 dispositio
700 1616 792 1658 physica
808 1616 837 1652 ad
851 1616 911 1652 iusti-

83 1685 213 1723 ficationem.
228 1686 286 1723 Haec
302 1686 400 1729 quaestio
415 1686 510 1730 proponi
525 1690 602 1729 potest,
620 1687 665 1724 sive
682 1687 730 1731 quis
747 1690 805 1724 tenet
820 1687 911 1730 gratiam

85 1758 160 1802 creari,
178 1758 223 1795 sive
240 1761 298 1795 tenet
315 1768 363 1795 cnm
380 1769 396 1795 s.
412 1757 495 1795 Thomu
502 1761 520 1783 ²⁵
537 1762 558 1796 et
574 1759 681 1795 sententia
699 1759 847 1796 communiore
864 1770 911 1796 eam

85 1830 149 1867 educi
162 1842 172 1867 e
186 1830 284 1873 potentia
297 1829 453 1867 oboedientiali
467 1831 558 1867 animae.
573 1831 631 1867 Haeo
647 1831 761 1874 dispositio
777 1831 869 1874 physica
883 1831 912 1868 af-

84 1900 182 1950 firmatur
198 1912 210 1938 a
232 1900 395 1938 Billuart26
413 1904 433 1939 et
447 1902 506 1945 aliis;
523 1902 659 1939 communius
676 1905 747 1939 tamen
763 1906 885 1946 negaturv,

137 1973 253 2017 Physicam
272 1973 438 2017 dispositionem
458 1974 485 2010 ad
504 1973 680 2011 iustificationem
699 1985 742 2012 non
762 1986 808 2012 esse
827 1975 913 2012 nniver-

86 2044 160 2082 saiiter
176 2045 322 2082 neeessariam
339 2048 398 2089 patet
415 2057 441 2082 ex
458 2057 489 2089 eo,
507 2046 565 2090 quod
583 2047 605 2082 in
624 2045 777 2085 iustificatione
795 2047 912 2084 infantium

87 2127 168 2155 canon
184 2117 250 2155 adest.
263 2118 356 2155 Deberet
370 2127 420 2161 ergo
436 2118 537 2162 specialis
551 2118 607 2171 ratio
621 2118 723 2162 indicari,
740 2130 779 2156 cnr
793 2119 816 2156 in
833 2120 912 2156 adultis

86 2190 114 2226 sit
128 2190 258 2227 necessaria.
272 2181 386 2228 Praeterea
400 2190 487 2227 videtur
502 2201 546 2228 non
562 2191 697 2228 admittenda
712 2191 804 2235 physica
821 2192 913 2236 disposi-

86 2261 115 2299 tio
133 2263 264 2300 admodum
281 2266 340 2300 actus
355 2263 431 2307 primi3
449 2273 499 2299 nam
517 2262 604 2300 deberet
621 2274 667 2300 esse
683 2263 770 2301 habitus
787 2268 913 2308 supernatu-

87 2334 145 2372 ralis.
161 2334 183 2372 Si
198 2337 269 2372 autem
282 2335 351 2378 gratia
365 2337 471 2379 qnatenus
485 2337 517 2372 est
530 2335 617 2372 habitus
633 2336 804 2379 supernaturalis
819 2336 913 2380 exigeret

136 2549 153 2569 24
167 2546 193 2577 De
205 2546 269 2584 gratia
280 2549 298 2578 et
310 2546 371 2578 libero
385 2546 474 2585 arbitrio,
487 2546 502 2585 7,
515 2547 545 2584 18;
558 2547 591 2579 ML
603 2547 631 2584 ti,
642 2547 682 2580 892.

136 2608 153 2630 25
167 2606 183 2644 1,
191 2606 208 2644 2,
218 2615 236 2644 q.
247 2606 280 2638 113
292 2617 308 2639 a.
318 2607 337 2644 9;
348 2607 375 2638 De
385 2606 468 2639 veritate
478 2617 496 2646 q.
505 2607 527 2639 27
538 2617 554 2639 a.
565 2607 575 2639 3
585 2608 609 2639 ad
619 2607 638 2646 93
650 2608 677 2640 De
687 2608 794 2641 virtutibus
804 2619 820 2641 u.
830 2609 853 2641 29
864 2610 887 2641 ad
898 2610 914 2642 3.

136 2669 153 2690 26
166 2666 194 2698 De
205 2667 269 2704 gratia
281 2666 327 2699 diss.
340 2666 350 2699 6
361 2669 397 2699 art.
409 2667 419 2699 3
432 2667 474 2699 dico
486 2668 512 2699 2⁰.

135 2729 152 2751 Ξῖ
165 2726 214 2759 Vide
227 2726 304 2765 Sutrez,
314 2727 341 2759 De
353 2727 416 2765 gratia
428 2727 462 2759 lib.
474 2727 484 2759 8
496 2737 537 2766 cap.
550 2729 566 2761 5.
