1952 3093
470 70 537 130 49ss
550 116 579 120 -

116 211 212 249 conferri
222 212 245 248 in
256 212 364 256 baptismo
376 213 530 250 informantem
541 213 632 257 gratiam
643 217 663 250 et
673 214 769 258 virtutes,
780 216 882 258 tanquam
893 226 942 258 pro-

115 283 251 329 babiliorem,
267 288 287 322 et
303 285 368 322 dictis
383 285 511 322 Sanctorum
527 289 547 322 et
563 286 675 323 doctorum
691 285 846 323 modernorum
862 286 942 325 theolo-

115 356 162 401 giae
175 357 243 401 magis
255 368 374 395 consonant
386 362 406 395 et
418 359 556 402 concordem,
570 369 632 395 sacro
646 359 780 403 approbante
793 358 891 397 Concilio
906 360 942 398 du-

116 430 187 467 ximus
206 430 345 474 eligendam»
355 435 379 469 ⁵1.
398 432 438 468 Hic
457 443 541 476 quoque
559 435 631 475 aperte
650 432 780 475 supponitur
799 432 878 469 adultis
897 442 942 476 gra-

116 502 168 539 tiam
181 503 276 547 infundi,
291 514 340 540 cum
354 504 471 540 inducatur
485 505 550 540 ratio:
567 504 662 541 efficacia
676 504 751 541 mortis
766 503 847 541 Christi
861 505 943 547 pariter

117 573 217 612 omnihus
230 574 345 618 baptizatis
364 576 451 617 (adultis
464 579 484 613 et
497 575 626 618 infantibus)
641 587 680 619 per
692 575 801 619 baptisma
814 576 942 620 applicatur.

171 647 236 686 Cone.
247 648 306 686 anu.
320 648 339 690 1)
353 648 397 685 Ens
411 651 517 685 creatum:
534 648 588 686 Sess.
601 649 612 686 6
627 659 673 692 cap.
688 649 710 686 7:
728 650 797 686 «ver'e
810 649 861 686 iusti
875 649 943 694 nomi·

118 731 194 758 narnnr
209 724 229 758 et
242 732 321 764 sumus,
336 722 440 758 iustitiam
455 722 478 757 in
493 721 556 758 nobis
571 721 702 764 recipientes
715 722 862 765 unusquisque
877 732 943 765 suam,

117 794 237 829 secundum
249 803 378 836 mensuram,
390 805 454 836 quarn
465 793 557 835 Spiritus
570 793 660 829 Sanctus
672 793 765 836 partitur
777 792 867 836 singulis
879 796 944 836 prout

118 866 169 910 vult,
184 869 204 903 et
218 866 337 903 secundum
351 865 462 909 propriam
477 864 579 909 cuiusque
595 864 761 908 dispositionem
776 868 796 902 et
811 864 944 908 cooperatio·

118 943 219 977 nem»52‚
237 938 288 977 Can.
304 940 339 976 11:
360 939 401 976 «Si
418 939 465 983 quis
485 938 570 981 dixerit,
588 938 687 975 homines
706 937 838 975 iustificari...
858 938 942 975 exclusa

118 1013 187 1056 gratia
202 1016 222 1049 et
238 1012 333 1052 caritate.
350 1023 404 1055 quae
419 1011 441 1046 in
459 1010 561 1047 cordibus
578 1017 656 1048 eorum
666 1022 705 1053 per
721 1010 825 1053 Spiritum
843 1010 942 1047 Sanctum

120 1084 255 1120 diffundatur
267 1086 329 1127 atque
341 1083 384 1118 illis
395 1084 527 1119 inhaereat...
536 1082 560 1120 A.
572 1082 591 1118 S.
600 1094 610 1117 »
619 1086 644 1119 ⁵³.
655 1081 710 1125 Ergo
723 1071 807 1125 aliquid>
818 1081 942 1118 distinctum

119 1156 145 1193 ab
158 1156 206 1200 ipso
220 1155 302 1199 Spiritu
315 1155 399 1192 Sancto.
412 1154 431 1197 2)
443 1154 486 1191 Ens
498 1152 588 1198 physice
601 1164 741 1197 permanens:
758 1153 803 1190 Hoc
816 1153 907 1190 habetur
919 1164 945 1191 ex

119 1229 211 1267 historia
226 1228 315 1266 concilii
330 1232 350 1265 et
364 1239 403 1264 nsu
418 1228 506 1265 termini
521 1227 640 1271 inhaerere,
655 1230 677 1264 ut
692 1227 715 1263 in
731 1226 824 1264 concilio
840 1226 936 1270 intellige

119 1303 182 1338 batur
197 1301 253 1344 (cap.
264 1302 275 1337 7
289 1304 309 1338 et
321 1311 368 1337 can.
381 1299 413 1341 11)
423 1304 446 1337 5¹².

173 1373 226 1409 P1us
239 1373 258 1408 V
271 1372 382 1409 damnavit
395 1382 457 1414 prop.
472 1371 496 1407 42
511 1371 568 1407 Baii:
586 1370 689 1406 «Iustitia
729 1381 773 1406 non
791 1370 906 1411 (consistit)
922 1370 943 1405 in

120 1445 188 1490 gratia
204 1444 275 1489 aliqua
292 1443 375 1481 animae
392 1443 464 1480 intusa
500 1455 510 1479 »
519 1446 543 1480 ⁵⁵.

453 1641 473 1677 S.
489 1641 609 1677 Scnrrruni

129 1835 130 1838 Ἴ
175 1787 194 1831 1)
207 1787 250 1825 Ens
263 1786 354 1832 physice
366 1796 503 1830 permanens.
514 1784 545 1821 Ex
557 1785 584 1821 iis
597 1795 651 1829 quae
663 1784 774 1828 hucusque
786 1794 811 1821 ex
823 1782 945 1826 1811111111-

122 1872 145 1898 ra
156 1861 219 1898 allata
231 1863 286 1903 sunt,
296 1863 355 1903 patet
366 1859 464 1896 homines
476 1859 499 1894 in
510 1856 662 1894 iustificatione
672 1856 801 1899 regenerari,
813 1855 841 1892 iis
853 1865 946 1892 commu-

121 1933 192 1969 nicari
207 1942 286 1969 novam
299 1931 372 1973 vitain,
388 1941 466 1967 novam
482 1931 587 1972 naturam,
602 1928 660 1965 unde
675 1928 718 1964 sint
731 1927 771 1963 filii
785 1926 831 1970 Dei,
847 1937 883 1964 eos
900 1937 946 1963 esse

121 2014 199 2042 novam
213 2006 343 2047 creaturam
358 2002 416 2046 atqui
431 2001 485 2038 haec
501 2000 573 2037 omnia
588 2010 631 2037 non
646 2001 737 2043 possunt
752 1997 874 2044 significare
888 2007 946 2034 mere

121 2088 199 2116 novam
212 2068 362 2114 habitudinem
376 2075 486 2118 moralem,
500 2085 568 2118 neque
582 2074 650 2111 solum
665 2075 735 2110 actum
748 2071 864 2115 physicum
878 2074 946 2108 trans-

122 2153 213 2195 euntem,
230 2150 268 2186 sed
282 2149 416 2192 principium
431 2147 547 2190 physicum
562 2156 691 2188 permanens
708 2145 731 2180 in
748 2144 796 2187 ipso
812 2143 900 2180 homine
916 2143 946 2179 iu·

122 2225 161 2259 sto.

175 2293 195 2336 2)
210 2293 254 2330 Ens
269 2294 370 2329 creatum.
386 2292 444 2329 Haec
459 2302 515 2328 nova
530 2294 606 2328 natura
620 2301 663 2328 non
680 2294 711 2328 est
726 2291 772 2334 ipse
789 2290 882 2334 Spiritus
896 2291 946 2329 San-

122 2369 174 2404 ctus
186 2366 241 2404 Nam
254 2377 269 2403 s
282 2365 359 2402 Paulus
373 2375 419 2402 earn
431 2368 454 2401 ut
466 2363 566 2401 effectum
579 2363 671 2407 Spiritus
684 2364 757 2401 Sancti
769 2367 832 2402 vocat
845 2364 945 2408 spiritum

170 2521 187 2542 51
200 2518 258 2549 uenz.
274 2516 314 2549 4831
336 2547 339 2553 Δ

170 2581 187 2602 5²
200 2577 259 2609 Denz.
273 2575 312 2609 799⁴

171 2641 188 2664 ⁵3
201 2638 259 2671 Denz.
275 2637 315 2670 321.

170 2704 188 2725 54
201 2700 259 2732 Denz.
274 2698 314 2737 800,
329 2697 368 2731 821.

171 2764 188 2785 ⁵5
201 2760 259 2792 Denz.
274 2759 326 2792 1042.
