1952 3093
397 27 504 64 ,47-

39 153 82 195 Ego
94 159 141 186 sum
152 148 194 192 via,
205 148 286 185 veritas
297 150 318 185 et
328 147 393 185 vita...
405 147 518 185 Praeterea
531 147 610 184 docent
621 147 696 192 nostri,
709 147 768 192 quod
779 158 867 186 necesse

40 226 66 263 sit
81 223 138 260 hona
152 232 219 265 opera
234 221 313 265 iacere,
330 231 373 258 non
389 224 413 257 ut
428 219 562 259 confidamus
577 232 617 264 per
633 232 658 258 ea
673 221 765 264 gratiam
781 223 866 265 mereri,

40 296 77 336 sed
92 297 183 339 propter
198 294 330 332 voluntatem
346 294 392 330 Dei.
409 293 502 330 Tantum
518 292 560 331 fide
578 294 750 338 apprehenditur
767 294 866 331 remissio

40 370 177 415 peccatorum
190 378 214 405 ac
227 367 302 411 gratia.
313 366 339 403 Et
351 367 402 411 quia
414 365 529 409 perfidem
541 366 650 410 accipitur
663 366 756 410 Spiritus
770 366 866 410 Sanctus,

40 446 82 481 iam
92 441 159 479 corda
167 443 301 478 renovantur
310 443 331 477 et
341 440 434 477 induunt
444 450 513 477 nouos
524 439 621 485 affectus,
630 443 654 477 ut
663 450 740 484 parere
749 440 807 478 bona
818 450 867 484 ope-

41 527 61 554 ra
76 514 181 558 possint...
190 527 201 551 »
209 517 234 551 4³.

92 599 234 637 Formula
251 598 441 636 concordiae
462 597 538 640 (1577).
548 598 565 636 I.
576 597 635 641 Pars,
646 597 753 641 Epitome.
766 597 815 635 «De
825 597 867 634 hoc

41 672 125 716 negotio
134 677 152 697 n
162 672 216 709 haec
227 675 258 709 est
268 671 328 714 fides,
341 672 440 708 doctrina
452 673 472 708 et
484 670 592 708 confessio
603 673 683 714 nostra,
695 670 754 715 quod
765 669 868 707 videlicet

40 745 135 784 hominis
148 746 271 782 intellectus
284 748 305 781 et
317 745 373 781 ratio
387 745 410 780 in
422 744 486 780 rebus
499 743 649 787 spiritualibus
663 753 753 787 prorsus
766 742 809 780 sint
822 754 868 779 cae-

41 830 71 862 ca,
87 817 185 862 nihilque
200 817 297 861 propriis
313 817 396 854 viribus
412 816 532 860 intelligere
547 816 652 860 possint...
669 814 788 859 Credimus,
806 816 868 852 doce-

42 903 87 929 mus
99 894 120 928 et
130 890 257 928 confitemur
269 891 340 935 etiam,
352 891 484 926 voluntatem
497 888 592 926 hominis
605 889 703 926 nondum
714 891 811 925 renatam
824 898 867 925 nou

42 967 123 1003 tantum
135 975 146 1001 a
157 963 202 1001 Deo
216 974 261 1001 esse
273 974 377 1005 aversam,
389 973 463 999 verum
477 962 541 999 etiam
554 961 667 998 inimicam
679 961 724 999 Deo
739 961 824 1005 iactam,
839 962 868 997 ita

41 1042 62 1075 ut
75 1038 224 1074 tantummodo
237 1048 262 1074 ea
274 1036 326 1073 velit
339 1040 359 1073 et
373 1036 446 1079 cupiat
460 1035 529 1079 iisque
544 1035 668 1078 delectetur,
680 1045 734 1078 quae
749 1035 804 1070 mela
819 1037 868 1070 sunt

42 1114 61 1149 et
72 1109 177 1148 voluntati
190 1110 276 1147 divinae
287 1112 428 1152 repugnant...
439 1108 512 1151 Itaque
525 1107 640 1151 credimus,
652 1110 756 1151 quantum
769 1106 834 1149 abest,
846 1110 869 1143 ut
900 1137 903 1140 Α

43 1193 120 1226 corpus
129 1185 237 1220 mortuum
247 1193 269 1219 se
279 1182 350 1224 ipsum
359 1180 469 1217 vivificare
479 1184 542 1224 atque
552 1179 646 1223 sibiipsi
656 1179 792 1222 corporalem
802 1179 868 1215 vitam

42 1255 154 1292 restituere
168 1254 244 1298 possit,
256 1256 342 1290 tantum
354 1252 437 1295 abesse,
452 1255 476 1289 ut
489 1252 561 1295 homo,
574 1252 612 1295 qui
627 1252 711 1288 ratione
724 1251 809 1294 peccati
825 1251 867 1294 spi-

43 1326 149 1364 ritualiter
166 1328 263 1364 mortuus
282 1329 319 1369 est,
338 1337 361 1363 se
379 1325 451 1368 ipsum
469 1325 492 1359 in
510 1325 576 1360 vitam
596 1323 731 1367 spiritualem
749 1323 867 1360 revocandi

42 1400 106 1437 ullam
124 1400 248 1437 facultatem
264 1399 361 1436 habeat...
370 1411 380 1434 »
390 1402 414 1434 4³.

92 1482 225 1521 «Credimus
240 1487 358 1527 praeterea,
373 1484 475 1521 docemus
489 1489 509 1521 et
523 1484 656 1529 confitemur,
669 1485 734 1522 fidem
749 1486 809 1522 illam
824 1485 866 1522 ius-

43 1555 159 1593 tificantem
175 1566 219 1593 non
236 1567 282 1593 esse
298 1557 379 1593 nudam
396 1557 496 1593 notitiam
512 1557 616 1595 historiae
633 1558 659 1595 de
674 1557 767 1601 Christo,
784 1558 822 1595 sed
837 1558 870 1594 in-

41 1637 92 1670 gens
109 1630 171 1672 atque
187 1628 228 1664 tale
244 1628 284 1665 Dei
301 1627 388 1672 donum,
405 1640 447 1672 quo
465 1627 574 1665 Christum
591 1629 751 1673 redemptorem
768 1633 866 1667 nostrum

44 1700 65 1735 in
81 1700 147 1737 verbo
163 1701 269 1743 evangelii
285 1704 342 1738 recte
359 1701 496 1744 agnoscimus
511 1702 596 1746 ipsique
613 1702 749 1745 confidimus,
766 1703 824 1746 quod
839 1703 870 1739 vi-

44 1772 122 1809 delicet
140 1776 229 1816 propter
247 1773 315 1810 solam
332 1772 401 1816 ipsius
420 1773 567 1810 obedientiam
586 1785 612 1810 ex
631 1773 699 1817 gratia
718 1774 870 1822 remissionem

44 1846 182 1887 peccatorum
196 1844 320 1888 habeamus,
334 1846 404 1882 sancti
419 1848 439 1882 et
452 1845 504 1882 iusti
519 1856 592 1882 eoram
607 1846 652 1883 Deo
667 1845 729 1883 Patre
744 1849 870 1890 reputemur

44 1920 63 1953 et
72 1920 180 1954 aeternam
190 1918 279 1955 salutem
290 1927 454 1961 consequamur.
465 1917 583 1961 Credimus,
594 1919 695 1955 docemus
706 1921 726 1955 et
737 1918 870 1961 confitemur¹

44 1989 172 2027 vocabulum
193 1989 326 2032 (iustificare)
346 1990 421 2034 phrasi
442 1990 562 2034 scripturae
581 2002 656 2029 sacrae
675 1990 698 2027 in
718 1990 760 2036 hoc
779 1991 870 2028 articulo

37 2061 101 2099 'idem
114 2062 242 2106 significare,
256 2063 313 2107 quod
329 2063 440 2101 absolvere
455 2075 467 2101 a
481 2063 583 2107 peccatis,
598 2067 621 2101 ut
635 2075 661 2100 ex
675 2063 733 2100 dieto
749 2052 870 2101 Salomonis

48 2133 117 2176 tProv.
129 2136 161 2179 17,
173 2135 205 2177 15)
218 2135 310 2179 intelligi
320 2138 401 2179 potest:
416 2136 457 2179 Qui
469 2135 571 2172 iustificat
580 2135 679 2179 impium,
690 2139 710 2173 et
720 2136 758 2180 qui
770 2136 870 2173 condem-

45 2210 81 2244 nat
97 2208 183 2251 iustum,
201 2207 354 2246 abominabilis
372 2211 403 2245 est
419 2210 509 2252 uterque
525 2208 583 2251 apud
600 2208 675 2246 Deum.
691 2208 745 2245 Item
765 2207 834 2250 (Rom.
852 2208 870 2251 8,

45 2279 89 2320 33);
104 2279 155 2323 Quis
167 2280 282 2318 accusabat
293 2281 373 2317 electos
383 2279 437 2317 neit
446 2281 504 2317 Deus
516 2282 553 2324 est,
564 2280 601 2324 qui
611 2279 719 2318 iustificat.
730 2279 762 2324 Et,
775 2281 793 2316 si
805 2291 871 2325 quan-

46 2352 72 2388 do
85 2363 125 2396 pro
140 2353 245 2390 vocabulo
261 2352 421 2389 iustificationis
436 2353 541 2390 vocabula
556 2352 726 2395 regenerationi-3
742 2356 762 2390 et
776 2352 870 2390 vivifica-

47 2424 110 2461 tionis
126 2428 264 2468 usurpantur,
283 2425 347 2469 (quod
365 2425 386 2460 in
404 2424 507 2467 Apologia
524 2424 658 2468 Augustanae
676 2424 824 2462 Confessionis
841 2426 871 2462 la-

92 2586 109 2608 4³
123 2582 171 2615 Ibid.
187 2583 210 2614 44
225 2592 249 2614 ss*

92 2642 159 2676 44Sc1.
173 2641 271 2675 delibero
285 2641 373 2675 arbitrio

93 2708 110 2728 ⁴³
124 2703 173 2735 ibid.
189 2702 222 2735 523
238 2714 253 2735 s.
