1952 3093
61 113 164 150 nilestum
176 116 207 150 est
217 122 274 156 ergo,
287 114 337 157 quia
350 112 448 150 homiues
462 113 517 149 dixit
531 114 588 156 deos,
602 124 627 150 ex
639 112 708 157 gratia
721 124 758 150 sua
771 112 888 154 deificatos,

61 195 104 222 non
123 185 149 222 de
167 184 286 223 substantia
304 196 341 224 sua
357 188 426 222 natos.
442 186 480 222 1111
498 185 556 222 enim
574 185 682 230 iustificat,
700 186 737 230 qui
755 196 795 228 per
813 187 888 222 semet-

58 257 136 302 ipsum,
151 267 195 295 non
208 268 248 302 per
262 257 327 314 alium
340 258 409 295 iustus
424 260 465 303 est;
481 260 502 295 et
516 257 552 294 ille
569 257 660 302 deificat,
675 257 712 302 qni
726 268 766 302 per
781 257 884 301 seipsum,

61 341 104 367 uon
117 330 205 368 alterius
215 331 383 375 participatione
395 331 452 368 Deus
464 333 502 368 est.
514 330 555 373 Qui
568 333 638 368 autem
650 330 757 374 iustificat,
770 330 818 374 ipse
830 329 888 367 deili-

61 406 101 447 cat,
111 404 161 447 quia
171 403 308 441 iustificando
319 403 375 441 filios
386 403 425 440 Dei
436 402 495 455 lacit.
506 403 571 440 Dedit
583 403 640 440 enim
651 402 681 440 eis
693 405 819 446 potestatem
831 402 888 440 lilios

60 476 100 512 Dei
110 475 163 514 fieri.
174 476 196 514 Si
207 476 247 513 11111
259 476 299 514 Dei
309 477 362 513 tacti
373 487 453 520 sumus,
465 480 486 514 et
499 476 530 513 dii
542 476 595 513 lacti
608 486 690 520 sumus;
704 476 742 513 sed
753 476 795 513 hoc
806 475 887 519 gratiae

60 550 92 585 est
104 548 234 592 adoptantis,
246 558 291 586 non
302 549 392 586 naturae
403 547 527 592 generantis
535 560 546 584 »
553 550 579 584 ³⁹.

114 631 134 670 S.
152 631 260 671 Cumanus
277 631 457 669 Acnxxnonrnus:
479 630 565 674 «Igitur
583 630 720 669 ascendimus
739 631 766 669 ad
785 642 887 675 superna-

61 705 151 741 turalem
166 704 292 748 dignitatem
306 716 345 748 per
360 703 477 748 Christum
491 714 536 741 non
549 706 619 741 autem
634 704 713 741 erimus
726 704 766 741 filii
779 704 818 741 Dei
832 704 887 741 sicut

61 778 103 820 ille,
120 777 199 821 absque
217 776 350 820 discrimine,
367 777 405 813 sed
421 787 460 820 per
475 776 567 820 gratiam
583 787 625 821 qua
641 776 701 813 illum
718 777 837 820 imitamur,
856 779 887 813 est

61 849 118 888 enim
132 848 198 886 Filius
212 861 237 886 ex
249 852 310 892 patre
321 849 427 886 exsistens
438 849 551 893 genuinus,
563 859 603 886 nos
615 859 666 885 vero
678 848 776 891 adoptivi
789 860 815 884 ex
827 847 887 885 beni-

57 921 144 967 gnitate,
156 921 288 964 accipientes
299 924 407 965 tamquam
417 920 508 964 gratiam
518 920 571 958 hoc:
583 919 627 964 Ego
640 920 696 957 dixi:
711 920 742 957 dii
752 920 803 957 estis
813 922 834 957 et
844 918 884 955 filii

60 992 146 1030 Exeelsi
155 1003 236 1031 omnes
246 992 312 1030 Facta
321 993 379 1030 enim
389 996 410 1031 et
420 1004 481 1030 serva
492 995 589 1030 creatura
599 996 688 1029 vocatur
698 992 726 1029 ad
735 995 886 1036 supernatura-

60 1064 91 1103 lia
100 1065 146 1103 solo
157 1067 211 1103 nutu
219 1075 246 1102 ac
257 1065 367 1103 voluntate
379 1065 458 1110 Patris3
471 1065 538 1102 Filius
549 1075 607 1109 vero,
617 1065 675 1102 Deus
687 1067 708 1101 et
718 1064 831 1107 Dominus,
842 1074 886 1100 non

62 1138 148 1176 decreto
160 1138 200 1176 Dei
212 1141 232 1176 et
244 1138 320 1182 Patris,
332 1149 371 1175 nec
383 1139 451 1175 solum
462 1138 513 1182 qnia
524 1138 597 1181 voluit,
610 1137 675 1175 hahet
687 1137 745 1174 unde
758 1137 786 1174 sit
797 1137 854 1174 Deus
868 1138 888 1174 et

61 1211 135 1254 Filius,
150 1212 188 1247 sed
203 1223 228 1247 ex
243 1211 291 1254 ipsa
306 1211 425 1248 substantia
439 1210 508 1247 Patris
524 1209 635 1253 effulgens,
649 1209 764 1253 proprium
779 1208 825 1246 eius
840 1208 888 1246 sub-

61 1283 152 1320 stantiae
164 1283 244 1321 bonum
257 1283 376 1321 secundum
389 1286 487 1320 naturam
502 1282 582 1326 accipit
591 1294 601 1318 »
610 1285 634 1319 4⁰.

113 1365 310 1405 ‘Consortium
344 1372 473 1406 naturae
508 1370 644 1407 divinae.
679 1371 698 1407 S.
731 1371 885 1408 ⁴l'rnarvasrus:

62 1439 159 1478 «0mnes
177 1440 277 1477 similiter
294 1452 333 1484 per
351 1441 455 1485 Spiritum
473 1442 512 1479 Dei
529 1443 648 1486 participes
668 1443 781 1481 dicimur...
799 1443 821 1481 Si
840 1455 888 1487 por·

62 1522 85 1548 ro
97 1510 190 1555 Spiritus
202 1513 399 1552 communicatione
411 1514 497 1551 divinae
508 1518 597 1552 naturae
608 1518 719 1552 consortes
730 1515 841 1559 efficimur,
853 1527 886 1553 ne·

62 1595 95 1621 mo
112 1588 169 1622 certe
185 1585 227 1622 nisi
243 1586 333 1623 insanus
350 1586 430 1624 dixerit
445 1587 549 1630 Spiritum
565 1598 609 1624 non
625 1587 671 1630 Dei,
688 1588 725 1625 sed
741 1590 825 1625 creatae
841 1576 887 1625 esse

60 1659 201 1695 naturaesss.
217 1657 237 1694 S.
252 1657 392 1695 rlmnnosrus:
411 1658 482 1701 «Quis
498 1660 575 1696 audeat
592 1659 663 1696 dicere
679 1659 797 1697 discretum
813 1672 826 1697 a
840 1660 886 1698 Deo

61 1728 123 1765 Patre
136 1732 156 1766 et
169 1728 254 1767 Christo
267 1741 313 1767 esse
326 1730 430 1774 Spiritum
444 1731 556 1776 Sanctum;
571 1742 620 1768 cum
633 1742 673 1776 per
685 1731 758 1775 ipsum
772 1733 799 1770 ad
814 1733 888 1776 imagi-

62 1811 111 1838 nem
122 1805 142 1838 et
152 1802 317 1840 similitudinem
328 1803 367 1840 Dei
379 1815 424 1840 esse
435 1814 562 1847 mereamur,
573 1807 593 1841 et
602 1814 642 1848 per
651 1804 723 1847 ipsum
733 1803 776 1848 fiat,
787 1805 888 1849 quemad-

62 1875 149 1910 modum
167 1874 242 1911 Petrus
260 1876 369 1917 apostolus
389 1875 450 1919 dixit,
468 1879 491 1913 ut
510 1875 597 1913 divinae
615 1876 681 1913 simus
699 1880 810 1913 consortes
829 1880 888 1914 natu-

63 1949 150 1983 1·ac»¹1².
163 1946 182 1984 S.
194 1945 302 1984 Claranus
313 1947 494 1985 Aunxannnnvns:
509 1947 550 1985 «Si
564 1948 673 1991 (Spiritus)
685 1959 726 1985 nec
738 1948 796 1986 Deus
809 1952 841 1986 est
853 1959 889 1986 na-

62 2020 115 2060 tura,
126 2029 166 2055 nec
179 2030 204 2055 ex
215 2019 260 2056 Deo
272 2019 374 2063 proprius
387 2019 433 2057 eius
445 2020 538 2064 Spiritus
551 2024 571 2057 11
582 2020 632 2057 ideo
644 2019 815 2057 substantialiter
827 2021 850 2057 in
863 2032 888 2058 eo

63 2090 174 2134 exsistens,
190 2090 228 2127 sed
243 2090 269 2127 ab
284 2102 309 2128 eo
326 2091 423 2128 diversus
439 2094 459 2128 et
475 2104 486 2129 a
502 2095 578 2129 natura
591 2102 664 2129 rerum
678 2092 785 2129 factarum
798 2103 843 2130 non
857 2103 889 2130 re-

62 2165 138 2207 motus,
151 2163 259 2206 quomodo
275 2173 320 2205 noa,
334 2164 371 2206 qui
386 2174 424 2206 per
437 2163 509 2207 ipsum
523 2164 568 2199 nati
583 2174 662 2207 sumus
676 2175 701 2200 ex
716 2164 760 2201 Deo
775 2165 821 2201 nati
836 2165 889 2201 dici-

60 2233 122 2271 mur?
132 2233 175 2272 Aut
185 2234 243 2271 enim
255 2235 410 2278 evangelistam
421 2235 485 2279 plane
498 2235 585 2272 mentiri
598 2235 721 2279 fatebimur,
735 2240 776 2280 aut,
790 2238 808 2272 si
820 2247 886 2273 verax

63 2310 93 2344 cst
105 2310 125 2344 et
136 2307 166 2344 ita
176 2307 241 2345 habet
253 2311 273 2345 11
284 2319 327 2346 non
339 2308 407 2352 aliter,
420 2308 513 2352 Spiritus
525 2309 564 2345 erit
575 2308 633 2345 Deus
645 2311 701 2346 etex
713 2309 757 2346 Deo
770 2309 888 2346 secundum

61 2408 205 2416 --——..

109 2479 127 2501 ³⁹
140 2476 207 2509 Enarr.
220 2476 240 2509 in
253 2477 283 2510 Ps.
297 2478 324 2518 49,
337 2479 404 2520 mit
418 2480 446 2518 36,
460 2481 503 2519 565,
517 2481 532 2512 ll
547 2480 598 2513 11118,

110 2540 127 2562 4⁰
141 2537 163 2569 In
178 2537 272 2570 loannem
285 2548 355 2571 comm.
369 2540 385 2578 1,
399 2540 419 2578 s;
433 2540 468 2574 MG
482 2541 510 2579 37,
524 2541 566 2579 1533
582 2541 598 2574 R
611 2542 662 2574 2106.

110 2601 127 2622 41
141 2598 203 2637 Epist.
219 2598 243 2631 ad
259 2598 384 2638 Serapionem
400 2601 415 2638 1,
431 2601 463 2638 24;
479 2601 515 2634 MG
530 2601 558 2641 26,
573 2602 616 2641 585;
632 2603 648 2636 R
663 2603 702 2637 780.

111 2663 128 2683 ⁴2
142 2659 168 2691 De
181 2658 255 2698 Spiritu
268 2660 338 2693 Sancto
351 2662 367 2699 1,
380 2662 396 2700 6,
408 2661 439 2699 tin
452 2662 485 2694 ML
497 2662 525 2701 16,
537 2662 580 2701 723;
593 2663 609 2696 R
621 2664 673 2697 1283.
