1952 3093
424 99 546 137 -167-

73 223 176 263 omniaffi.
197 221 259 259 Unde
280 221 345 257 nimis
366 232 408 263 eos,
428 221 465 265 qui
486 223 562 258 contra
582 220 684 263 sentiunt,
704 220 844 262 admiramur,
865 229 899 255 us-

73 307 112 342 que
127 305 151 332 eo
166 294 244 331 vetusti
259 294 339 331 erroris
354 293 424 330 adhuc
438 292 537 337 reliquiis
551 293 696 336 praegravari,
710 297 733 331 ut
746 292 774 329 ad
788 291 899 329 Christum

74 378 115 405 non
128 367 218 403 credant
229 367 269 402 Dei
280 365 392 408 beneficio,
405 364 443 402 sed
454 369 543 403 naturae
555 365 625 402 veniri
630 376 635 409 3
648 368 669 402 et
679 366 749 409 ipsius
761 368 851 402 naturae
862 363 899 401 bo-

73 450 130 482 nurn,
147 439 206 483 quod
221 438 281 475 Adae
298 442 388 482 peccato
405 438 503 476 noscitur
521 437 668 481 depravatum,
686 440 795 475 auctorem
812 439 899 475 nostrae

72 511 122 549 fidei
137 511 211 548 dicant
223 510 291 554 magis
306 520 352 547 esse
366 521 430 553 quam
444 506 563 554 Chri'stum3
579 520 619 546 nec
634 510 756 553 intelligant
770 521 793 547 sc
807 508 900 547 domini-

74 595 109 622 cae
126 583 243 619 reclamare
260 582 379 620 sententiae
396 582 488 619 dicenti:
507 582 575 619 Nemo
590 581 650 619 venit
664 582 693 619 ad
708 592 749 625 me,
765 581 810 618 nisi
825 581 899 618 datum

74 655 138 693 tuerit
147 654 180 691 illi
190 665 201 691 a
212 651 274 692 Patre
285 665 332 691 meo
339 657 368 699 δὴ
379 655 417 691 sed
428 657 448 691 et
456 654 519 691 beato
530 653 596 691 Paulo
607 654 671 690 simul
680 653 786 691 obsistere
796 654 899 690 clamanti

73 728 100 765 ad
112 727 228 764 hebraeos:
244 726 360 764 Curramus
373 726 401 763 ad
413 726 549 770 propositum
562 726 626 763 nobis
639 728 754 769 certamen,
768 725 899 770 aspicientes

73 801 95 836 in
109 802 218 835 auctorem
230 798 281 836 fidei
295 801 314 835 et
329 801 524 835 consummatorem
537 798 607 835 lesum
619 797 764 835 *Christumru
778 797 836 841 Quae
850 808 900 834 curn

73 872 102 908 ita
114 870 164 914 sint,
176 870 276 907 invenire
287 881 330 907 non
342 881 457 913 possumus
469 870 522 914 quid
534 870 562 907 ad
573 869 706 907 credendum
718 870 741 906 in
753 869 839 908 Christo
852 869 899 906 sine

73 943 113 979 Dei
125 942 200 985 gratia,
214 942 322 979 humanae
336 942 439 985 deputent
453 942 568 985 voluntati3
584 953 633 978 curn
649 941 746 979 Christus
760 944 836 978 auctor
850 952 900 978 con-

74 1017 233 1058 summatorque
250 1014 278 1050 sit
292 1013 349 1051 fidei.
366 1014 502 1057 Quapropter
519 1013 598 1050 affectu
615 1024 711 1057 congruo
728 1014 851 1056 salutantes,
867 1024 901 1049 sn-

74 1096 113 1129 pra
132 1086 235 1128 scriptam
254 1085 414 1123 confessionem
432 1089 525 1122 vestram
544 1089 711 1123 consentaneam
730 1085 844 1122 catholicis
863 1084 901 1121 Pa-

75 1161 130 1194 trum
149 1157 228 1200 regulis
245 1157 391 1201 approbamus
400 1170 410 1193 »
418 1160 444 1193 ⁸⁸.

128 1234 193 1273 cose.
207 1245 358 1272 rmorurmum
373 1246 424 1272 sess.
440 1236 451 1273 6
465 1246 512 1279 cap.
527 1236 549 1273 5:
567 1236 685 1273 «Declarat
698 1238 816 1279 praeterea,
831 1235 901 1278 ipsius

75 1306 234 1344 iustificationis
246 1307 360 1344 exordium
374 1307 397 1344 in
411 1308 490 1345 adultis
504 1319 516 1344 a
528 1308 568 1344 Dei
582 1319 621 1351 per
634 1307 743 1345 Christum
756 1307 827 1345 Iesum
840 1317 901 1350 prae-

75 1378 174 1417 veniente
186 1379 255 1423 gratia
267 1379 395 1417 sumendum
407 1390 459 1425 esse,
471 1380 514 1417 hoc
527 1383 564 1423 est,
575 1379 601 1417 ab
615 1379 660 1417 eins
671 1379 792 1424 vocatione,
803 1390 845 1423 qua
855 1380 902 1416 nul-

75 1451 102 1488 lis
115 1462 189 1488 eorum
202 1451 354 1489 exsistentibus
368 1451 451 1489 meritis
465 1455 576 1495 vocantur,
589 1455 613 1489 ut
626 1452 663 1497 qui
676 1463 716 1495 per
727 1454 817 1496 peccata
831 1463 843 1489 a
856 1451 901 1489 Deo

76 1523 145 1560 aversi
157 1526 224 1566 erant,
236 1534 276 1566 per
288 1523 333 1560 eius
345 1524 475 1561 excitantem
486 1527 548 1568 atque
559 1524 697 1562 adiuvantem
709 1524 800 1568 gratiam
813 1525 841 1561 ad
852 1535 902 1561 con-

76 1594 203 1631 vertendum
220 1606 242 1631 se
259 1595 286 1632 ad
303 1606 363 1632 suam
379 1596 477 1638 ipsorum
494 1595 676 1639 ludificationem,
694 1596 764 1633 eidem
781 1596 862 1639 gratiae
878 1596 902 1632 li-

75 1666 126 1704 bere
142 1667 280 1704 assentiendo
299 1670 319 1705 et
335 1668 480 1711 cooperando,
497 1668 714 1711 disponantur,.,»⁸⁹.
731 1667 758 1704 Et
775 1678 902 1711 correspon-

77 1738 130 1775 dens
145 1748 215 1776 canon
229 1739 251 1776 3:
270 1739 311 1776 «Si
326 1739 375 1783 quis
389 1739 475 1783 dixerit,
490 1740 536 1777 sine
549 1740 703 1784 praeveniente
719 1739 813 1783 Spiritus
829 1739 903 1777 Sancti

77 1810 221 1853 inspiratione
241 1814 304 1856 atque
324 1812 369 1848 eius
390 1811 505 1855 adiutorio,
525 1811 637 1849 hominem
658 1812 753 1855 credere,
774 1822 862 1856 sperare
883 1815 903 1849 et

78 1882 167 1925 diligere
181 1885 217 1920 aut
230 1883 342 1926 poenitere
354 1894 424 1928 posse,
437 1883 495 1921 sicut
507 1887 599 1928 oportet,
613 1887 636 1921 ut
650 1884 669 1921 ei
682 1883 843 1921 iustificationis
857 1894 903 1927 gra-

77 1954 107 1990 tia
121 1956 257 1992 conferatur:
272 1955 296 1992 A.
310 1954 329 1992 S.
339 1958 382 1993 »⁹0.
396 1955 501 1992 Similiter
515 1967 561 1999 cap.
576 1955 599 1993 6:
617 1955 729 1993 «Excitati
745 1955 820 1994 divina
834 1957 903 2000 gratia

78 2028 97 2062 et
110 2026 178 2063 adiuti
187 2039 197 2062 >>
204 2029 231 2064 ⁸³1.

105 2137 107 2140 .
128 2103 192 2141 Cone.
203 2113 341 2142 varrcnrsunt:
354 2104 387 2142 Ad
397 2104 462 2143 fidem
472 2106 594 2142 necessaria
606 2108 637 2143 est
648 2107 722 2149 gratia.
731 2106 787 2143 Sess.
798 2106 809 2143 3
820 2117 867 2150 cap.
880 2107 901 2151 3;

78 2185 124 2212 ean.
140 2176 184 2212 5⁹2.

124 2339 142 2361 85
155 2336 204 2369 Rom
217 2337 246 2375 11,
259 2337 287 2369 35.

125 2399 143 2421 ⁵⁶⁵
156 2396 177 2428 lo
191 2396 207 2434 6,
219 2396 248 2428 44.

126 2458 143 2480 δῖ
157 2456 237 2494 Hebr2,
249 2457 258 2488 1
272 2467 286 2489 s.

126 2519 144 2540 88
157 2516 209 2548 Denz
223 2516 257 2548 200
269 2517 286 2548 h.

127 2578 144 2600 ⁸⁹
157 2576 209 2608 Denz
223 2576 263 2608 797.

126 2638 144 2660 ⁹⁰
157 2636 209 2668 Denz
223 2636 263 2669 813.

125 2699 144 2720 91
157 2695 209 2728 Denz
223 2696 263 2729 798.

126 2759 144 2780 ³2
157 2756 209 2788 Denz
223 2756 275 2790 1789.
290 2757 341 2796 1791,
356 2758 408 2790 1814.
