1952 3093
402 112 430 118 ..
443 89 524 127 2511-

53 213 195 254 severantiarn
207 213 338 257 percepisse,
351 216 375 250 ut
388 212 432 249 nisi
445 216 608 257 perseverantes
622 223 669 249 esse
683 221 727 249 non
740 211 825 254 possint
833 223 844 246 »
852 214 880 247 ⁹⁹:

105 285 172 323 Error
186 285 209 321 in
224 296 248 323 eo
264 285 383 323 consistere
399 285 491 328 videtur,
507 285 565 329 quod
581 287 665 329 negent,
682 295 727 322 esse
743 284 824 321 donum
840 283 877 320 ali-

52 358 108 406 quod
121 357 301 401 perseverantiae,
313 358 371 401 quod
383 357 452 394 libera
464 357 573 395 voluntate
585 356 681 394 hominis
692 366 735 393 non
748 356 876 399 possitactu

53 430 153 469 frustrari
167 428 246 467 effectu
261 440 306 473 suo,
322 429 367 466 sive
382 429 440 474 quod
457 429 602 470 infallibiliter
618 432 708 466 mortem
723 428 745 464 in
762 428 831 472 gratia
846 427 877 463 in-

54 502 131 541 cludat.
146 501 167 539 Si
181 501 230 545 quis
244 502 302 538 enim
317 501 382 539 habet
396 501 476 538 donum
490 501 670 545 perseverantiae,
685 501 750 537 sicuti
763 511 828 544 supra
843 511 877 536 er-

53 575 156 622 plicatum
170 576 207 617 est,
220 573 368 617 metaphysica
383 576 494 617 repugnat,
510 584 557 609 eum
572 583 615 610 non
630 576 678 610 actu
692 582 837 616 perseverare.

371 791 423 828 Doc.
436 789 557 827 Eccrnsmn

58 921 78 935 ‘'
106 933 170 971 Cone.
184 943 239 972 rum.
255 945 302 978 cap.
317 934 341 971 12
358 934 411 971 dicit
425 935 511 978 iustum,
527 935 544 970 si
558 935 682 978 peccaverit
697 944 740 971 non
755 945 819 977 posse
835 934 877 971 sibi

53 1009 133 1044 certam
149 1005 323 1049 resipiscentiam
339 1006 472 1049 promittere,
487 1006 538 1051 quia
554 1007 600 1044 sine
617 1007 749 1043 revelatione
765 1006 817 1043 sciri
834 1016 880 1050 non

54 1080 129 1123 potest,
146 1089 200 1122 quos
218 1078 275 1115 Deus
293 1078 335 1115 sibi
354 1079 450 1122 elegerin
471 1088 520 1122 ergo
539 1079 565 1115 ab
583 1079 688 1115 electione
707 1078 747 1115 Dei
765 1078 877 1122 pendete.

54 1151 104 1193 Cap.
120 1150 155 1187 13:
171 1150 247 1187 Munus
261 1151 436 1194 perseverantiae
451 1152 497 1188 «de
512 1162 554 1194 quo
570 1151 675 1194 scriptum
692 1153 733 1187 est:
752 1150 792 1194 Qui
807 1160 878 1194 perse-

54 1222 161 1259 veraverit
174 1233 241 1266 usque
257 1223 280 1259 in
294 1222 366 1266 finem,
381 1222 417 1259 hic
433 1224 505 1260 salvus
522 1223 563 1259 erit
570 1227 621 1259 ⁹⁹...
638 1223 725 1260 aliunde
742 1222 819 1260 haberi
834 1233 879 1260 non

54 1296 130 1338 potest,
141 1294 185 1331 nisi
197 1294 223 1331 ah
234 1306 268 1338 eo,
279 1295 315 1338 qui
329 1299 405 1337 potens
417 1299 447 1332 est
459 1306 514 1338 eum,
526 1296 563 1339 qui
576 1299 623 1341 stat,
636 1298 728 1332 statuere
737 1298 761 1340 ⁹⁷,
773 1298 796 1332 ut
807 1306 879 1339 perse·

54 1369 154 1404 verenter
167 1369 214 1409 stet,
227 1370 248 1404 et
263 1377 317 1404 eum.
331 1368 368 1411 qui
383 1367 448 1410 cadit,
463 1367 582 1404 restituere.
592 1370 665 1411 ..a⁹⁹;
680 1376 731 1410 ergo
746 1367 817 1404 finalis
831 1377 879 1410 per-

54 1438 175 1476 severantia
185 1441 217 1475 est
228 1449 306 1476 munus
316 1439 363 1477 Dei.
375 1439 426 1477 Can.
439 1439 463 1476 16
476 1442 565 1476 vocatur
579 1452 589 1474 «
598 1449 699 1483 magnum
711 1439 765 1476 illud
776 1450 844 1484 usque
855 1443 878 1475 in

55 1495 304 1560 tinemperseverantiae
317 1510 397 1548 donum
406 1523 417 1547 »
426 1514 450 1547 ⁹⁹.

386 1727 405 1763 S.
421 1727 541 1764 SCRIPTURA

109 1871 231 1908 Secundum
245 1883 261 1908 s.
275 1871 409 1914 scripturam
422 1883 480 1908 mors
495 1872 517 1907 in
533 1876 588 1909 statu
603 1873 711 1909 amicitiae
727 1883 775 1909 cum
788 1873 833 1909 Deo
849 1875 879 1908 esi

56 1943 135 1979 donum
150 1942 259 1979 divinum:
275 1942 316 1986 Sap
330 1943 348 1986 4,
362 1944 397 1980 11;
413 1943 513 1987 «Raptus
527 1947 563 1988 est,
577 1955 603 1981 ne
617 1944 699 1980 malitia
714 1946 805 1981 mutaret
818 1943 879 1981 intel-

41 2014 133 2069 lectum
147 2015 193 2051 eius
201 2025 222 2058 »;
235 2015 254 2058 4,
268 2014 303 2051 14:
319 2014 420 2052 «Placita
434 2015 492 2052 enim
506 2001 551 2052 erat
562 2016 607 2053 Deo
621 2015 693 2052 anima
707 2016 775 2059 illius;
790 2018 880 2059 propter

55 2085 97 2122 hoc
114 2086 241 2129 properavit
255 2087 348 2123 educere
365 2087 426 2123 illum
446 2087 471 2124 de
489 2087 561 2124 medio
579 2087 746 2131 iniquitatum».
764 2110 791 2114 -
808 2087 880 2124 Monet

56 2156 160 2194 Dominus
175 2160 199 2194 ut
214 2160 338 2194 constanter
354 2161 416 2195 orent
432 2159 458 2195 ad
477 2159 651 2203 consequendam
667 2159 724 2196 hanc
741 2170 880 2202 perseveran-

56 2228 118 2266 tiam:
136 2229 181 2267 Luc
195 2229 227 2274 21,
241 2230 265 2267 34
282 2240 320 2267 ss:
339 2230 467 2267 «Attendite
482 2233 552 2276 autem
568 2231 636 2273 vobis.
651 2242 677 2268 ne
693 2232 749 2268 forte
764 2235 881 2275 graventur

57 2300 205 2338 cordavestra
218 2301 240 2338 in
253 2301 348 2344 crapula,
361 2305 381 2339 et
392 2286 502 2340 ebrietate
513 2305 533 2339 et
546 2302 603 2339 curis
615 2302 680 2339 huius
693 2302 760 2340 vitae:
776 2306 796 2340 et
808 2314 881 2353 super7

105 2446 122 2468 ⁹4
135 2444 196 2483 Epist.
209 2444 249 2483 226,
260 2454 289 2477 nr.
301 2445 320 2483 4;
334 2446 353 2483 6;
366 2444 399 2477 ML
411 2445 439 2484 33,
451 2446 505 2481 1009:
519 2445 570 2478 1616.

104 2507 121 2529 ⁹⁵
135 2505 187 2537 Denz
199 2505 240 2538 805.

104 2568 122 2589 ⁹⁹
135 2565 199 2598 Matth
212 2565 240 2604 10,
253 2566 285 2603 22;
299 2565 327 2604 24,
341 2566 369 2598 13.

104 2628 122 2649 ⁹⁷
136 2625 186 2658 Rom
200 2626 228 2662 14,
242 2626 258 2657 1.

105 2688 123 2710 ⁹⁹
136 2686 189 2718 Denz
203 2686 243 2718 806.

105 2748 124 2770 ⁹⁹
137 2746 189 2778 Denz
201 2746 241 2779 826.
