1952 3093
428 70 461 97 7-
475 48 513 86 374
527 71 555 77 -

76 174 123 201 rare
135 167 154 201 et
164 164 245 201 offerre
257 165 280 200 in
293 165 409 208 communi,
421 177 458 202 seu
470 168 568 209 paratum
581 177 633 208 esse,
644 168 748 209 quantum
760 168 792 203 est
803 179 829 204 ex
841 170 901 211 parte

76 247 120 280 sua,
133 237 170 273 iila
185 238 291 285 conferre.
735 277 737 280 ,

129 309 183 346 Dico
201 319 250 353 ergo
267 310 349 353 primo:
369 311 391 348 Si
408 312 430 354 ly
446 313 501 348 Dare
518 314 620 353 sumatur,
636 315 701 353 prout
717 311 828 355 significat
844 313 902 350 idem

76 382 133 425 quod
150 392 280 425 praeparare
296 393 333 420 seu
347 383 428 420 offerre
444 385 466 420 in
483 383 599 427 communi,
614 383 672 420 Deus
688 383 789 421 omnibus
803 384 902 428 reprobis

77 458 120 491 tem
136 454 233 498 parvulis
249 466 313 499 quam
329 456 408 493 adultis
424 456 460 493 dat
475 455 546 493 media
562 467 599 493 seu
614 455 694 493 auxilia
711 456 738 493 ad
754 456 844 494 salutem
861 457 903 494 sui-

79 526 195 564 iicientia...

128 600 182 636 Dico
198 587 305 637 secundo:
324 600 346 638 Si
359 602 382 644 ly
395 602 451 638 Dare
465 603 566 645 sumatur,
581 604 646 644 prout
662 604 693 637 est
708 602 860 638 correlativum
876 602 903 644 ad

79 672 181 716 recipere,
197 674 217 708 et
233 676 298 716 prout
313 673 425 717 significat
439 673 509 717 ipsam
523 673 665 710 intrinsecam
681 673 828 716 receptionem
845 674 903 711 auxi-

77 745 162 787 liorum,
178 744 235 781 Deus
250 755 293 782 non
311 745 346 782 dat
362 745 462 783 omnibus
478 744 577 788 reprobis
593 745 666 789 media
680 757 717 782 seu
733 745 814 783 auxilia
830 746 857 783 ad
873 757 903 783 sa·
961 755 963 758 ·

77 818 142 854 lutem
155 816 290 860 sufficientia,
303 818 340 855 sed
352 818 425 861 plures
435 818 479 854 iliis
490 817 604 866 privantur
615 817 638 853 in
649 828 742 861 poenam
754 819 838 861 peccati
848 828 903 855 mor·

78 889 133 932 talis,
149 889 239 926 actualis
254 890 287 926 vel
303 890 423 934 originalis.
438 889 469 927 Ita
486 890 564 927 docent
579 884 693 927 thomi'stae
710 901 775 933 supra
792 890 879 928 citati».

132 962 222 998 Videtur
238 965 310 998 tamen
327 962 381 999 haec
398 950 579 999 sententia'nunc
596 973 642 999 esse
659 962 771 1005 derelicta;
789 962 866 1000 scribit
882 963 904 1000 P.

78 1034 154 1078 lingon
163 1024 198 1070 1⁶:v
213 1046 223 1069 «
232 1034 385 1071 Peccatorihus
403 1034 509 1076 omnihus,
528 1033 592 1071 etiam
610 1033 732 1080 obcaecatis
749 1037 769 1071 et
785 1035 903 1077 obduratis,

81 1107 158 1144 dantur
166 1117 210 1149 pro
222 1107 270 1144 loco
283 1109 304 1143 et
315 1109 412 1149 tempore
424 1107 504 1149 gratiae
514 1106 613 1149 proxime
625 1106 659 1143 vel
670 1110 751 1143 remote
762 1106 904 1149 sufficientes,

79 1179 157 1222 quibus
168 1180 253 1222 possint
266 1182 311 1215 tum
324 1190 336 1216 a
347 1178 442 1222 peccatis
455 1178 576 1215 commissis
590 1178 718 1222 resipiscere
731 1182 775 1216 tum
789 1189 844 1216 nova
857 1189 905 1227 pec-

80 1255 127 1289 cata
141 1262 278 1295 praecavere.
291 1274 319 1278 —
333 1251 405 1287 Prima
421 1261 477 1294 pars,
495 1251 520 1288 de
535 1250 687 1294 peccatoribus
702 1251 859 1295 communibus,
874 1254 906 1287 est

81 1327 148 1368 certa3
162 1324 228 1361 altera
239 1334 291 1360 vero
305 1323 330 1360 de
343 1323 465 1361 obcaecatis
478 1326 498 1361 et
511 1322 692 1365 obduratis,1icet
705 1323 770 1359 suerit
783 1326 906 1360 controver-

81 1407 110 1440 sa,
126 1400 157 1433 est
172 1396 238 1433 hodie
254 1396 375 1433 communis
390 1398 409 1432 et
425 1395 543 1432 tenenda».

82 1616 156 1654 Tflfisls
174 1617 207 1653 20:
226 1617 283 1651 Num
293 1616 399 1656 peccatori
413 1616 483 1649 aduno
497 1615 551 1648 Deus
564 1615 653 1656 denegat
662 1616 753 1656 gratiam
768 1615 906 1650 sufficientem

129 1678 157 1711 ad
174 1677 270 1711 satutem.

133 1808 209 1844 «Nulli
224 1807 365 1851 peccatoria:
382 1807 523 1843 includuntur
537 1816 586 1849 ergo
602 1805 666 1842 etiam
681 1806 782 1843 obdurati
798 1810 818 1843 et
833 1818 906 1843 excae-

81 1881 130 1918 cati.

135 1953 263 1990 «Adultom
284 1952 359 1994 capaci
379 1954 463 1987 actuum
483 1950 603 1988 moralium.
621 1950 688 1988 Sicuti
707 1951 763 1987 Deus
782 1954 852 1994 potest
871 1964 906 1989 au-

82 2026 138 2062 ierre
152 2036 177 2062 ex
191 2024 232 2062 hac
245 2024 290 2061 rita
302 2024 413 2060 hominem
427 2023 566 2060 constitutum
578 2026 601 2059 in
615 2026 704 2066 peccato
717 2024 803 2060 mortali
816 2035 906 2068 eumque

83 2098 103 2134 in
120 2100 230 2134 aeternum
247 2097 356 2138 damnare,
373 2096 402 2131 ita
417 2098 488 2137 potest
502 2095 565 2132 etiam
581 2095 692 2132 hominem
707 2096 730 2131 in
746 2098 836 2138 peccato
851 2106 907 2132 mor-

48 2207 55 2220 ι
82 2171 118 2206 taii
136 2169 222 2213 privare
238 2180 279 2205 usu
293 2168 385 2205 rationis
402 2178 441 2210 pcr
457 2170 522 2204 totam
538 2168 641 2211 reliquam
657 2167 733 2211 vitam3
750 2170 907 2211 consequenter

83 2242 147 2279 homo
161 2252 204 2277 non
219 2242 261 2278 iam
275 2251 344 2283 capax
360 2242 391 2276 est
406 2241 465 2276 actus
480 2239 568 2276 moralis
583 2250 652 2283 neque
667 2250 735 2282 capax
751 2239 907 2276 conversionis.

83 2313 129 2351 Hoc
143 2313 251 2357 praesenti
266 2312 321 2349 thesi
335 2323 379 2349 non
394 2311 525 2354 excluditur;
541 2310 705 2354 impossibilitas
721 2311 870 2348 conversionis
885 2310 907 2347 in

83 2386 125 2423 boc
138 2397 188 2423 casu
201 2396 244 2423 non
258 2389 289 2422 est
303 2396 328 2421 ex
344 2384 428 2421 deiectu
442 2383 528 2427 gratiae.

138 2458 214 2495 «Nulli
228 2459 318 2501 denegat
326 2469 348 2494 »ε
364 2456 387 2493 id
402 2458 433 2492 est
446 2455 537 2500 quilibet
551 2467 597 2493 eam
612 2455 702 2499 accipin
717 2464 767 2499 ergo
780 2465 824 2494 non
839 2455 907 2493 solum
937 2454 939 2458 ’

84 2542 108 2569 eo
123 2541 186 2568 sensu
202 2530 243 2574 dat,
258 2530 316 2574 quod
331 2530 382 2566 huic
398 2540 408 2563 «
418 2528 468 2565 dare
478 2541 488 2563 »
504 2538 547 2564 non
562 2528 693 2571 respondeat
706 2527 810 2572 recipere,
826 2527 863 2565 sed
876 2538 908 2564 re-

132 2721 149 2742 1⁶
162 2717 265 2750 Tractatus
280 2715 385 2755 dogmatici
400 2714 424 2753 11,
437 2714 477 2747 227.
