1952 3093
455 40 576 78 -248—

105 173 144 199 vos
156 162 234 199 tentari
247 173 313 205 snpra
325 162 354 205 id,
366 162 424 206 quod
435 162 532 205 potestis,
546 161 585 198 sed
596 161 662 199 faciet
674 160 739 198 etiam
752 171 800 197 cnm
811 163 930 200 tentatione

106 236 235 277 proventum
252 234 389 277 (prosperum
404 233 511 275 eventum)
525 236 549 271 ut
562 233 651 276 possitis
666 233 772 270 sustinere
789 232 890 275 1111111».

160 306 228 342 Immo
242 305 270 343 iis
283 305 321 349 qui
335 304 444 342 Christum
459 308 578 350 sequuntur
589 316 633 342 non
646 305 700 342 adeo
715 305 802 342 difficile
815 309 847 342 est
860 305 931 342 obser-

107 388 158 414 vare
169 377 281 414 mandata:
294 377 361 414 Matth
373 378 405 421 11,
415 377 451 415 3οῑ
465 390 475 413 «
483 378 558 421 Iugum
570 377 628 414 enim
639 387 710 414 meum
722 388 786 414 suave
798 380 835 421 est,
846 380 867 414 et
878 388 932 414 onus

108 460 179 486 meum
191 450 238 485 leve
246 462 265 486 >>.
276 472 303 476 -
315 450 325 486 1
338 449 362 485 Io
374 450 392 494 5,
404 450 426 486 3:
442 449 519 486 «Haec
531 452 562 486 est
574 450 631 486 enim
645 449 724 486 caritas
736 449 783 492 Dei,
795 451 819 485 ut
831 449 932 486 mandata

107 520 153 557 eins
165 520 322 558 custodiamus:
336 524 356 558 et
367 521 469 558 mandata
481 522 526 558 eius
537 521 611 564 gravia
622 531 667 558 non
677 524 733 558 sunt.
744 521 850 564 Quoniam
862 531 931 564 omne,

108 593 166 636 (ruod
178 595 252 629 natum
264 596 297 630 est
309 604 336 629 ex
348 593 400 637 Deo,
413 593 482 630 vincit
495 593 610 629 mundum:
626 595 646 630 et
656 592 710 629 haec
724 596 755 630 est
766 593 865 636 victoria,
878 603 932 637 quae

106 663 175 701 vincit
185 664 296 709 mundum,
306 664 360 702 fides
370 668 470 703 nostra».
480 688 508 693 -
518 665 574 701 Hinc
584 664 699 701 christiani
709 665 736 702 ad
747 664 930 708 perseverantiam

108 736 261 774 admonentur:
274 738 297 774 Io
310 738 342 781 15,
354 738 376 775 4:
392 750 402 773 «
411 742 495 774 manete
507 738 529 774 in
542 748 575 773 me
584 749 605 782 »3
618 749 637 774 v.
649 737 672 774 9:
686 741 789 774 «manete
801 737 823 773 in
837 737 933 774 dilectio-

107 819 134 845 ne
146 820 220 845 111111).
230 832 258 836 —
269 810 279 846 1
292 808 334 847 Cor
345 810 365 852 9,
377 810 413 846 24;
430 809 484 847 «Sic
496 810 576 847 currite
587 813 611 846 ut
623 809 814 852 comprehendatis
830 810 860 851 [ut
872 819 933 852 prae-

108 881 174 918 mium
187 881 358 926 consequamini)
368 895 386 919 ».
398 905 425 909 m
438 881 449 917 2
462 881 512 919 Petr
525 882 543 925 1,
556 881 592 918 10:
608 881 764 925 «Quapropter
777 882 854 918 fratres
866 883 933 924 magis

108 954 203 997 satagite,
212 955 236 990 nt
245 953 352 997 perbona
362 964 428 997 opera
437 955 517 991 certam
527 956 620 990 vestram
630 953 766 990 vocationem
777 955 797 989 11
806 952 933 990 electionem

109 1025 206 1062 faciatis:
221 1024 276 1063 haec
289 1025 348 1062 enim
361 1025 472 1068 facientes,
485 1036 530 1062 non
543 1024 665 1068 peccabitis
677 1025 794 1069 aliquando
802 1037 821 1061 >>.
833 1048 861 1052 -
873 1028 932 1067 Apoc

109 1096 175 1138 210:
191 1096 260 1134 «Esto
271 1096 341 1133 fidelis
352 1107 419 1140 usque
433 1097 460 1133 ad
472 1100 569 1140 mortem,
582 1101 602 1133 et
614 1097 668 1134 daho
680 1096 720 1133 tihi
734 1107 837 1134 coronam
850 1097 933 1133 vitae».

110 1191 135 1194 —
143 1168 202 1211 Apoc
213 1168 231 1211 3,
241 1168 277 1205 11,·
290 1181 301 1204 «
309 1168 367 1204 Tene
375 1168 433 1212 quod
442 1168 515 1211 habes,
525 1172 548 1205 ut
558 1179 621 1217 nemo
631 1168 725 1211 accipiat
735 1178 838 1205 coronam
849 1172 906 1205 tuam
915 1181 931 1205 ».

482 1406 563 1442 Parnes

191 1550 209 1591 1)
228 1549 321 1592 Speciali
338 1550 418 1587 auxilio
437 1550 546 1593 indigent:
567 1549 586 1586 S.
604 1550 757 1587 Auousrruus:
779 1550 846 1592 «Ipse
865 1553 935 1586 autem

112 1621 175 1665 Deus,
189 1632 237 1657 cum
251 1633 290 1665 per
301 1621 443 1659 mediatorem
456 1621 496 1658 Dei
511 1625 531 1659 et
543 1622 656 1658 hominnm
669 1622 780 1658 hominem
793 1621 863 1658 Iesum
877 1620 936 1658 Chri·

113 1696 193 1730 111111157
212 1693 355 1736 spiritualiter
373 1697 434 1730 sanat
453 1703 539 1737 aegrum
557 1694 590 1730 vel
609 1693 704 1730 vivificat
722 1696 836 1737 mortuum,
855 1694 878 1730 id
897 1697 935 1735 est,

112 1765 214 1802 iustificat
228 1766 326 1809 impium,
341 1768 361 1802 et
375 1777 424 1802 cum
439 1765 466 1801 ad
480 1766 599 1809 perfectam
613 1766 732 1810 sanitatem,
746 1766 788 1802 hoc
800 1770 833 1802 est
847 1766 874 1802 ad
889 1776 936 1808 per-

112 1837 190 1874 fectam
201 1837 268 1874 vitam
278 1838 432 1881 iustitiamque,
444 1838 576 1880 perduxerit,
586 1848 630 1875 non
643 1838 723 1874 deserit
734 1838 752 1874 si
763 1848 806 1874 non
819 1838 936 1879 deseratur,

112 1912 135 1945 111
148 1909 184 1952 pie
200 1920 285 1952 semper
298 1910 396 1953 iusteque
411 1909 503 1946 vivatur.
519 1909 578 1946 Sicut
593 1910 651 1946 enim
667 1910 741 1946 oculus
758 1910 856 1952 corporis
872 1909 936 1946 etiam

111 1981 237 2023 plenissime
253 1992 323 2023 sanus,
338 1981 381 2018 nisi
398 1981 492 2018 candore
507 1981 562 2017 lueis
579 1981 671 2025 adiutus,
687 1991 730 2018 non
747 1984 818 2024 potest
834 1992 933 2018 cernere:

112 2052 143 2089 sic
157 2056 177 2089 et
188 2053 253 2089 homo
268 2053 331 2090 etiam
343 2053 501 2096 perfectissime
515 2053 648 2097 iustificatus,
661 2053 704 2089 nisi
718 2057 805 2090 aeterua
816 2053 864 2090 luce
877 2053 936 2089 iusti-

112 2124 154 2161 tiae
167 2124 271 2162 divinitus
281 2125 402 2168 adiuvetur,
413 2128 471 2161 recte
482 2136 525 2161 non
535 2128 605 2167 potest
616 2126 741 2162 1111111158.

167 2196 186 2234 S.
201 2197 243 2233 Luo
257 2197 359 2234 mouns:
377 2196 482 2234 «Gratiae
495 2197 534 2233 Dei
549 2197 672 2234 obedientia
687 2208 708 2233 se
721 2198 816 2234 humana
831 2208 874 2234 non
890 2197 937 2233 sul)-

114 2269 190 2312 trahat,
206 2279 246 2305 nec
259 2269 287 2305 ab
303 2269 341 2306 illo
356 2268 420 2312 hono,
437 2268 483 2305 sine
499 2280 541 2312 qno
557 2279 600 2305 non
616 2272 687 2312 potest
700 2269 757 2306 bona
774 2280 826 2312 esse,
842 2268 936 2311 deficiat;

114 2351 138 2376 ac
154 2341 239 2384 siquid
254 2341 296 2377 sihi
312 2341 448 2383 impossihile
463 2344 499 2377 aut
515 2341 605 2377 arduum
619 2342 641 2376 111
658 2342 808 2377 mandatorum
823 2341 936 2377 effectibus

114 2412 230 2456 experitur,
243 2423 286 2450 non
300 2413 323 2448 in
338 2423 360 2449 se
374 2416 490 2455 remaneat,
503 2413 541 2449 sed
555 2413 582 2448 ad
595 2413 704 2450 iubentem
718 2416 821 2455 recurrat,
836 2413 873 2457 qni
888 2412 936 2449 ideo

115 2484 150 2520 dat
162 2487 308 2528 praeceptum,
320 2487 343 2521 ut
356 2485 435 2521 excitet
447 2484 578 2520 desiderium
592 2489 612 2522 et
622 2487 717 2527 praestet
729 2485 839 2527 auxilium,
853 2485 937 2521 dicente

162 2634 179 2655 ⁵t
193 2629 202 2661 1
219 2629 263 2661 Tim
278 2630 294 2668 2,
311 2629 327 2662 5.

162 2694 180 2731 ,⁵⁸
193 2691 220 2722 De
231 2694 303 2723 natura
316 2693 334 2722 ct
347 2691 415 2729 gratia,
429 2701 443 2722 c.
457 2690 478 2721 26
491 2701 520 2722 nr.
533 2690 564 2728 293
578 2690 611 2722 ML
623 2690 651 2729 44,
662 2690 705 2728 2613
720 2690 736 2723 R
749 2690 800 2722 1792.
