1952 3093
388 36 497 73 ..43-

34 159 96 201 caput
109 157 216 200 serpentis
232 157 349 194 contritum
363 160 400 201 est,
413 157 487 200 lingua
502 160 573 195 tamen
589 158 660 195 adhuc
675 158 742 195 micat
757 161 777 196 et
792 158 861 196 cauda
902 192 905 199 ⁴

34 231 127 270 minatur
146 230 219 266 ictum.
238 228 292 266 Nam
312 232 431 273 peccatum,
450 229 501 274 quia
520 231 590 274 gratia
609 234 629 267 et
649 231 801 268 misericordia
821 230 861 268 Dei

35 312 97 347 super
113 312 152 339 nos
168 304 249 346 regnat,
265 313 309 339 non
324 304 395 346 potest
410 314 450 340 nos
467 303 576 347 damnare,
592 314 636 340 non
653 306 724 347 potest
739 304 808 341 Deum
824 314 861 341 no-

34 378 66 416 his
81 376 160 412 iratum
176 375 273 419 reddere,
291 379 312 412 et
327 378 398 413 tamen
416 376 439 412 in
456 366 578 415 justificatis
595 377 699 422 reliquiae
716 378 802 420 peccati
818 388 861 414 ma-

35 451 90 492 nent,
105 450 129 484 ut
143 448 321 492 concupiscentia
337 452 357 486 et
373 449 415 486 alia
430 449 489 492 vitia,
505 461 559 494 quae
576 461 615 487 ceu
631 450 688 487 feces
704 450 798 495 reliquas
815 450 860 487 sive

35 521 149 561 seminaria
165 521 273 564 Propheta
289 522 312 557 in
330 532 351 558 se
366 522 462 559 intuetur
479 525 505 566 et,
521 523 578 559 sicut
594 533 659 566 supra
676 533 716 566 pro
732 522 860 560 remissione

35 594 184 633 universaliter
200 594 289 638 rogavit,
304 595 334 631 ita
347 594 385 632 hic
401 598 448 632 orat
463 606 503 638 pro
519 596 609 632 istarum
626 596 767 639 reliquiarum
784 606 861 639 expur-

34 667 117 712 gatione
133 678 170 703 seu
186 666 348 710 exstirpatione.
364 667 422 705 Haec
436 667 502 711 igitur
517 667 612 705 secunda
626 679 677 711 pars
693 668 806 711 petitionis
823 671 860 710 est,

34 751 92 785 quae,
104 741 128 775 ut
141 739 193 783 dixi,
204 739 268 777 nohis
281 740 399 776 secundam
413 740 576 777 distinctionem
589 741 674 783 peccati
687 740 789 784 ostendit,
802 740 860 784 quod

34 814 89 850 Deus
103 812 148 849 vult
162 814 251 855 peccata
267 812 344 855 delere,
358 823 400 855 quo
414 812 441 849 ad
456 812 607 849 remissionem
622 813 698 856 cnlpae
714 814 734 849 et
748 813 776 849 ad
790 813 860 856 ipsam

35 885 76 921 rim
87 884 178 927 peccati,
191 895 234 921 nou
247 895 289 929 quo
302 884 329 921 ad
342 895 387 921 rem
400 896 437 921 sen
449 887 548 921 naturam
560 885 652 928 peccati.
664 884 718 921 Nam
730 884 762 921 vis
775 884 860 928 peccati

35 960 64 994 est
83 967 191 1000 accusare,
212 956 321 1000 damnare,
340 957 446 1000 mordere,
466 957 558 999 laedere,
579 967 622 993 nou
643 957 765 1000 relinquere
784 968 860 1000 pacem

35 1028 101 1071 cordi,
117 1028 212 1066 obiicere
228 1028 307 1066 iratum
322 1029 397 1073 Deum,
414 1029 524 1065 infernum
541 1032 580 1066 etc.
596 1029 654 1066 Haec
671 1029 703 1066 vis
720 1029 805 1072 peccati
822 1039 861 1072 per

35 1101 207 1138 misericordiam
227 1101 342 1144 gratuitam
362 1102 451 1147 tollitur,
473 1105 493 1138 et
513 1105 584 1138 tamen
606 1105 695 1138 manent
714 1112 777 1139 verae
796 1101 861 1138 huius

33 1172 109 1210 veneni
125 1172 235 1217 reliquiae.
251 1172 307 1217 Ergo
321 1176 435 1218 utrumque
449 1184 524 1210 verum
541 1177 578 1217 est,
594 1174 653 1217 quod
668 1174 740 1210 nullus
753 1174 858 1211 'Christia-

34 1258 72 1282 nus
90 1245 155 1283 hahet
171 1249 284 1290 peccatum
303 1251 323 1283 et
340 1247 399 1290 quod
417 1247 487 1284 omnis
506 1246 642 1285 Christianus
659 1247 724 1283 hahet
740 1249 860 1289 peccatum.

35 1318 89 1355 Hinc
100 1318 196 1355 nascitur
208 1319 245 1355 illa
258 1318 376 1361 distinctio,
389 1319 447 1363 quod
459 1320 517 1362 apud
530 1318 665 1357 Christianos
678 1319 757 1362 duplex
769 1321 800 1356 est
812 1329 861 1362 pec-

35 1394 113 1428 catum:
129 1394 242 1435 peccatum
255 1392 369 1429 remissum
383 1395 403 1429 et
414 1394 527 1435 peccatum
541 1391 654 1436 reliquum,
668 1391 726 1436 quod
741 1391 861 1435 exstirpan-

36 1464 84 1501 dum
100 1466 119 1500 et
134 1464 265 1501 abluendum
282 1467 319 1501 est.
335 1464 450 1501 Peccatum
466 1465 581 1501 remissum
598 1467 635 1508 est,
651 1464 709 1508 quod
725 1463 805 1501 fiducia
822 1464 861 1500 mi-

35 1536 165 1573 sericordiae
177 1536 324 1574 contributum
337 1540 374 1579 est,
387 1548 414 1574 ne
428 1537 520 1581 damnet,
534 1548 561 1574 ne
574 1540 666 1580 accuset,
680 1541 700 1573 et
711 1539 782 1572 tamen
796 1547 860 1579 prop-

36 1611 66 1645 ter
82 1608 138 1646 hanc
157 1620 244 1646 carnem
261 1609 331 1646 adhuc
349 1610 440 1652 pullulat
457 1612 478 1646 et
494 1610 573 1645 militat
591 1609 614 1644 in
633 1619 697 1645 carne
714 1611 788 1645 nostra
796 1611 820 1652 ³4,
838 1610 861 1644 ut

35 1680 111 1718 efficiat
125 1681 207 1718 similes
221 1681 304 1718 fructus
319 1680 436 1726 prioribus
449 1685 472 1718 ut
486 1681 552 1717 simus
568 1681 645 1724 securi,
658 1680 745 1724 ingrati,
760 1681 860 1724 ignoran-

35 1756 65 1789 tes
77 1752 123 1795 Dei,
136 1753 192 1790 sicut
203 1753 264 1797 prius
278 1753 365 1790 fuimus.
379 1754 406 1790 Hi
419 1756 468 1790 sunt
481 1756 570 1790 conatus
584 1753 725 1797 reliquiarum
738 1752 823 1796 peccati
836 1752 859 1788 in

35 1826 103 1868 nohis,
119 1837 172 1870 quos
188 1826 252 1863 etiam
269 1827 364 1863 sentiunt
379 1827 455 1870 sancti,
472 1827 510 1863 sed
526 1837 565 1869 per
582 1825 686 1868 Spiritum
702 1829 800 1862 sanctum
816 1836 860 1862 non

34 1898 63 1934 eis
75 1899 193 1942 indulgent.
205 1898 260 1941 Ergo
274 1898 416 1942 Christianus,
429 1901 543 1942 postquam
556 1897 597 1934 fide
610 1898 679 1935 iustus
693 1901 724 1935 est
736 1909 773 1935 seu
786 1898 860 1934 remis-

35 1971 116 2007 sionem
129 1974 268 2014 peccatorum
282 1971 372 2014 accepit,
387 1982 430 2007 non
447 1970 509 2007 dehet
524 1971 555 2007 sic
571 1981 658 2006 securus
674 1981 726 2012 esse,
740 1970 802 2014 quasi
816 1970 861 2013 pla-

35 2054 60 2079 ne
79 2043 105 2080 ah
124 2044 224 2081 omnibus
241 2044 337 2086 peccatis
356 2055 422 2086 purus
441 2044 474 2086 sit,
493 2044 531 2080 sed
549 2047 594 2079 turn
613 2043 698 2080 demum
718 2042 738 2079 ei
756 2044 861 2086 perpetua

35 2114 86 2152 haec
101 2115 209 2153 incumbit
223 2116 281 2153 lucta
297 2127 346 2152 cum
360 2115 458 2160 reliquiis
472 2115 563 2158 peccati,
580 2125 592 2151 a
606 2114 684 2159 quibus
700 2114 809 2157 Propheta
823 2113 861 2150 hic

35 2188 94 2231 cupit
106 2188 170 2225 ablui.
183 2188 220 2224 Est
232 2188 320 2232 quidem
333 2188 401 2225 iustus
414 2191 433 2225 et
446 2191 532 2225 sanctus
546 2186 617 2224 aliena
628 2198 665 2224 seu
679 2186 801 2224 extrinseca
814 2196 861 2223 san-

35 2260 113 2304 ctitate,
124 2264 148 2298 ut
159 2262 192 2298 sic
203 2260 296 2298 docendi
309 2271 373 2297 causa
386 2260 498 2304 appellem,
511 2260 553 2297 hoc
566 2261 603 2303 est,
615 2262 647 2296 est
658 2259 727 2296 iustus
738 2259 861 2296 misericor-

36 2332 70 2368 dia
84 2336 104 2370 et
118 2333 187 2375 gratia
201 2333 247 2369 Dei.
262 2333 320 2369 Haec
335 2328 493 2369 misericordia
502 2335 523 2369 et
536 2331 605 2375 gratia
620 2343 663 2368 non
680 2334 711 2368 est
726 2331 809 2375 aliquid
823 2330 861 2367 hu-

35 2415 126 2449 manum,
142 2416 185 2443 uon
201 2409 232 2442 cst
245 2405 332 2442 habitus
345 2405 433 2449 quidam
449 2409 484 2441 aut
497 2404 589 2449 qualitas
605 2405 627 2440 in
643 2404 715 2455 corde,
731 2404 769 2440 sed
784 2406 816 2441 est
830 2403 861 2440 di-

35 2477 108 2514 vinum
119 2477 254 2520 heneficium,
266 2478 324 2522 quod
334 2477 398 2514 nohis
409 2478 502 2514 donatur
513 2489 552 2520 per
564 2476 623 2513 illam
635 2475 781 2519 cognitionem
792 2475 861 2512 Evan-

35 2549 85 2591 gelii
100 2550 218 2593 propriam,
235 2551 292 2593 quod
309 2549 388 2586 scimus
405 2561 442 2586 seu
457 2549 565 2586 credimus
580 2551 694 2592 peccatum
710 2550 808 2588 nostrum
824 2558 861 2584 no-

84 2703 101 2724 34
114 2700 164 2733 Rom
181 2700 196 2739 7,
212 2700 240 2733 23.
