1952 3093
419 109 541 147 *169—

69 237 93 274 de
111 232 260 276 excogitandis
277 232 319 269 viis
337 243 362 269 ac
380 231 508 275 rationibus,
526 231 604 275 quibus
622 231 741 274 apostolica
758 229 894 273 praedicatio

68 306 141 346 efficax
158 305 221 342 reddi
238 304 316 349 possin
334 303 371 341 alii
389 307 460 341 autem
478 314 542 340 sensu
557 304 715 349 universalinre
734 303 760 340 de
778 301 894 346 cogitando

67 377 125 418 omni
135 377 200 421 bono,
211 376 269 421 quod
281 377 308 413 ad
320 377 409 414 salutem
421 376 522 420 pertinet.
534 376 567 413 lta
578 376 601 411 in
615 375 763 412 controversia
776 386 825 412 cum
836 374 894 419 pela-

67 449 136 496 gianis
150 453 171 486 et
185 448 369 493 semipelagianis:
389 447 453 486 Cone.
469 459 539 485 araus.
554 459 601 485 can.
617 449 638 492 73
654 447 674 485 S.
688 448 830 491 Augustinus:
848 446 893 482 «Et

67 523 115 561 ideo
129 521 284 559 commendans
297 521 361 558 istam
374 520 471 564 gratiam,
484 510 539 564 quae
553 531 596 557 non
610 521 673 557 datur
687 520 806 557 secundum
821 520 892 563 aliqua

67 593 148 638 merita,
164 594 202 630 sed
217 593 282 630 efficit
296 592 369 630 omnia
382 593 439 630 bona
454 593 542 630 merita:
558 603 602 629 non
616 593 668 636 quia
681 592 756 630 idonei
771 592 845 635 simus,
860 591 892 628 in-

66 666 117 712 quit,
129 665 224 709 cogitare
237 665 319 709 aliquid
331 666 393 709 quasi
405 677 431 702 ex
443 664 613 708 nobismetipsis,
626 665 664 702 sed
676 664 805 701 sufficientia
818 667 892 702 nostra

66 750 91 776 ex
103 738 148 775 Deo
163 740 200 774 est.
214 738 332 774 Attendant
344 737 381 774 hic
396 741 416 775 et
431 738 497 774 verba
511 738 552 774 ista
567 736 710 780 perpendant,
724 736 761 781 qui
774 739 852 780 putant
865 747 892 772 ex

66 810 128 848 nobis
142 820 188 847 esse
200 809 251 847 fidei
266 813 366 853 coeptum
381 813 402 847 et
416 820 442 846 ex
456 809 502 846 Deo
517 820 563 846 esse
576 808 628 846 fidei
642 809 823 852 supplementum.
839 808 891 851 Quis

66 882 122 921 enim
137 892 180 918 non
195 882 267 919 videat
281 882 342 925 prius
356 893 402 919 esse
415 882 510 925 cogitare
523 892 588 926 quam
602 880 705 918 credere?
718 880 795 918 Nullus
809 880 891 925 quippe

64 954 133 992 credit
144 953 234 998 aliquid,
244 953 287 990 nisi
298 954 359 997 prius
371 954 499 997 cogitaverit
508 964 554 991 esse
567 953 707 991 credendum,
718 953 820 996 Quamvis
832 953 890 990 enim

64 1026 149 1070 raptim,
167 1027 265 1070 quamvis
285 1026 397 1063 celerrime
415 1026 520 1063 credendi
538 1026 670 1063 voluntatem
688 1025 794 1069 quaedam
812 1025 891 1068 cogita-

65 1099 133 1135 tiones
146 1099 275 1141 antevolent,
288 1109 380 1141 moxque
392 1097 429 1135 illa
441 1098 471 1135 ita
483 1100 590 1148 sequatur,
601 1102 625 1135 ut
635 1098 697 1142 quasi
710 1097 890 1134 coniunctissima

64 1170 186 1214 comitetur;
198 1180 285 1207 necesse
297 1173 328 1207 est
337 1173 416 1213 tamen,
425 1173 449 1206 ut
459 1171 532 1207 omnia
541 1181 596 1214 quae
607 1170 725 1206 creduntur
735 1168 889 1213 praeveniente

64 1241 192 1285 cogitatione
205 1242 328 1279 credantur.
342 1242 474 1286 Quamquam
487 1246 508 1279 et
519 1242 591 1285 ipsum
605 1242 694 1279 credere
708 1241 764 1278 nihil
778 1241 838 1279 aliud
851 1244 889 1284 est,

63 1325 127 1358 quam
141 1324 189 1350 cum
204 1314 328 1352 assensione
344 1314 438 1357 cogitare
446 1326 457 1349 »
465 1317 490 1351 ⁹4.
505 1314 562 1350 Haec
577 1313 693 1357 explicatio
708 1313 853 1350 universalior
866 1314 889 1349 in
910 1325 912 1329 ·

64 1388 112 1430 ipso
122 1397 207 1430 quoque
217 1389 276 1423 textu
287 1386 396 1431 tundatur,
405 1396 455 1423 nam
464 1387 535 1430 pergit
545 1387 665 1430 apostolus:
679 1399 690 1421 «
698 1386 735 1430 qui
746 1389 766 1423 et
779 1386 832 1428 (καί)
843 1385 890 1422 ido-

63 1469 114 1495 neos
131 1469 171 1496 nos
189 1459 242 1496 fecit
258 1459 370 1497 ministros
387 1459 438 1496 novi
456 1459 579 1496 testamenti
587 1472 605 1504 »,
622 1470 663 1503 per
679 1459 810 1502 particulam
828 1461 887 1495 «et»

63 1530 170 1567 transiens
187 1530 213 1567 ab
229 1530 347 1567 universali
364 1531 470 1568 sententia
487 1531 515 1568 ad
532 1531 659 1574 specialem:
679 1531 733 1569 Tota
751 1534 826 1583 nostra
842 1530 889 1567 ido*

62 1603 130 1639 neitas
144 1605 175 1639 est
189 1613 214 1639 ex
227 1603 279 1647 Deo,
294 1606 313 1640 et
325 1603 369 1646 ipsi
382 1603 424 1640 hoc
437 1614 522 1647 quoque
537 1603 646 1646 debemus,
659 1603 719 1647 quod
733 1602 800 1640 simus
813 1602 888 1640 idonei

62 1674 157 1711 ministri
171 1673 226 1711 Novi
239 1674 378 1711 Testamenti.
393 1674 475 1718 Quodsi
489 1675 520 1712 ita
534 1685 578 1712 non
593 1674 756 1721 intelligeretur,
771 1674 888 1712 haberetur

62 1746 188 1789 tautologia:
204 1746 276 1790 quoad
290 1746 436 1783 ministerium
448 1747 592 1790 apostolicum
606 1750 680 1784 nostra
693 1747 801 1784 idoneitas
816 1750 887 1785 estex

61 1817 112 1861 Deo,
125 1817 162 1862 qui
175 1828 214 1855 nos
227 1817 291 1855 etiarn
304 1818 358 1856 iecit
368 1818 482 1855 ministros
492 1818 590 1857 idoneos.

141 1889 160 1931 3)
183 1890 221 1927 De
241 1890 376 1927 salutari
398 1891 555 1927 volitione
577 1893 604 1927 et
624 1891 818 1934 operatione:
838 1890 887 1927 Phil

61 1959 79 2004 2,
92 1961 122 1997 12.
136 1962 171 1998 13:
188 1974 198 1997 «
208 1961 259 1999 Cum
273 1965 330 1999 metu
342 1967 363 2000 et
374 1965 468 1999 tremore
481 1966 573 2000 vestram
585 1963 675 2000 salutem
688 1962 817 2006 operamini.
829 1963 887 2000 Deus

62 2035 92 2069 est
104 2034 161 2070 enirn
173 2035 211 2078 qui
223 2038 326 2077 operatur
337 2035 360 2071 in
371 2034 433 2071 vohis
446 2038 465 2071 et
476 2035 531 2071 velle
544 2038 564 2072 et
574 2034 678 2078 perficere
691 2045 731 2079 pro
742 2034 800 2072 hona
812 2035 887 2072 volun-

61 2106 102 2141 tate
111 2117 128 2142 s.
147 2106 262 2149 Apostolus
280 2107 380 2143 hortatur
397 2106 556 2150 Philippenses,
575 2110 597 2143 ut
615 2107 642 2144 ad
662 2107 752 2144 salutem
771 2107 886 2150 pervenire

60 2176 157 2214 nitantur
171 2181 256 2215 strenue
271 2178 390 2221 operando,
405 2189 454 2215 cum
469 2182 527 2216 metu
541 2183 562 2216 et
575 2182 676 2222 tremore,
689 2179 713 2216 id
728 2182 760 2216 est
774 2190 823 2216 cum
838 2180 886 2217 reli-

59 2248 117 2290 giosa
125 2249 273 2287 sollicitudine
282 2261 320 2288 suo
328 2250 398 2287 officio
409 2261 501 2295 suaeque
511 2250 659 2288 conscientiae
668 2251 819 2288 satisfaciendi
827 2255 844 2276 aa
851 2251 885 2296 bi⁸3

60 2318 82 2354 in
95 2320 136 2358 hoc
151 2321 208 2358 enim
222 2333 288 2365 opere
300 2322 364 2365 plene
378 2333 389 2359 a
402 2322 447 2360 Deo
462 2323 550 2367 eiusque
564 2323 669 2360 benevola
683 2323 793 2361 voluntate
807 2323 886 2367 depen-

61 2390 120 2430 dent:
136 2393 194 2430 Deus
206 2394 264 2430 enim
278 2395 359 2438 estqui
373 2394 437 2431 efficit
451 2395 473 2431 in
488 2395 550 2432 vobis
564 2397 584 2431 et
596 2395 729 2432 voluntatem
744 2398 764 2432 et
778 2394 885 2433 executio-

60 2472 114 2507 nem,
125 2475 165 2507 pro
176 2465 233 2502 hona
244 2466 359 2508 voluntate,
372 2466 398 2503 ad
411 2466 594 2503 manifestandum
608 2477 668 2504 suam
681 2476 731 2511 erga
743 2478 781 2505 vos
793 2468 885 2505 benevo-

105 2648 124 2670 94
137 2645 164 2678 De
178 2645 359 2684 praedestinatione
373 2649 487 2679 sanctorum
500 2648 516 2685 2,
532 2647 599 2685 5;:ML
612 2648 640 2686 44,
656 2648 699 2687 962;
715 2648 731 2681 R
746 2649 801 2687 1980;
818 2649 843 2682 cf.
857 2649 885 2681 De

60 2704 122 2739 gratia
133 2708 152 2737 et
164 2705 226 2738 libero
240 2705 323 2739 arbitrio
335 2706 350 2746 7,
363 2706 394 2745 16;
406 2707 440 2739 ML
450 2707 479 2746 44,
491 2707 534 2745 891;
548 2707 564 2740 R
576 2708 628 2741 1938.

105 2765 149 2793 subis
162 2765 226 2798 Zorell
240 2766 263 2798 ad
275 2775 342 2799 vocem
358 2767 434 2813 ῑρόμος,
