1952 3093
375 17 484 65 -25—

47 197 49 202 Ι
71 152 88 188 F
95 153 214 194 ansius,
238 150 353 193 episcopus
369 150 474 195 Reiensis,
491 151 574 190 Lucido
592 152 706 196 epistulam
723 152 783 189 misit
799 164 848 197 cum

20 238 56 266 sex
68 223 256 267 anathematismis
273 223 299 260 ab
316 224 364 267 ipso
376 224 551 262 subscribendis.
567 225 685 263 «Breviter
701 235 751 270 ergo
769 226 847 269 dicam,

20 301 122 346 quantum
139 307 188 333 curn
206 296 294 334 ahsente
312 297 372 341 loqui
389 308 484 341 possum,
503 298 555 343 quid
574 299 654 336 sentire
673 310 722 336 cum
740 299 848 344 catholica

20 370 116 410 Ecclesia
132 369 216 406 debeas.
232 369 257 406 ld
272 372 310 413 est,
324 373 347 407 ut
362 381 411 407 cum
426 371 495 418 gratia
510 372 599 408 Domini
613 371 763 416 operationem
779 372 848 416 bapti·

21 445 60 484 zati
75 443 151 480 famuli
166 453 252 486 semper
265 443 376 488 adiungas,
392 447 412 481 et
426 455 474 481 eum
490 445 527 489 qui
540 444 763 488 praedestinationem
777 445 848 482 exclu-

20 530 43 556 so
56 517 129 554 labore
143 515 239 553 hominis
253 516 336 560 asserit,
350 528 399 553 cum
413 517 494 561 Pelagii
509 518 608 561 dogmate
622 518 741 556 detesteris.
756 518 848 555 Anathe·

21 602 54 629 ma
71 599 120 641 ergo
139 589 170 625 illi
190 589 227 633 qui
245 589 302 626 inter
319 590 413 634 reliquas
430 590 512 634 Pelagii
530 590 653 635 impietates
671 591 782 629 homiuem
801 592 848 629 sine

20 665 108 708 peccato
120 661 188 705 nasci,
202 665 222 700 et
234 673 274 705 per
287 663 357 699 solum
368 663 465 700 lahorem
479 674 542 707 posse
556 664 636 701 salvari
651 664 775 721 damnanda
787 675 848 708 prae-

22 735 143 779 sumptione
160 735 303 778 contenderit,
320 738 340 772 et
355 737 392 780 qui
409 747 457 773 eum
474 737 521 774 sine
537 737 606 780 gratia
621 737 661 774 Dei
677 736 767 774 liberari
784 748 848 781 posse

22 804 144 847 crediderit.
158 807 212 845 Item
225 808 338 845 anathema
352 809 385 845 illi
399 809 436 853 qui
450 809 561 847 hominem
574 820 623 846 eum
635 809 695 847 fideli
710 809 848 847 confessione

21 880 145 920 solemniter
158 880 297 925 baptizatum,
311 885 332 918 et
345 885 476 919 asserentem
491 882 621 920 catholicam
634 881 705 926 fidem,
721 886 741 920 et
754 885 848 926 postmo-

22 956 71 992 dum
86 964 125 997 per
140 954 226 991 diversa
239 955 315 991 mundi
329 954 393 992 huius
409 955 566 993 oblectamenta
580 960 601 993 et
615 958 747 993 tentamenta
762 956 848 999 prolap-

22 1036 74 1081 sum,
91 1027 114 1062 in
131 1025 200 1063 Adam
216 1030 236 1063 et
252 1027 353 1070 originali
371 1030 460 1070 peccato
478 1028 570 1071 periisse
589 1028 711 1065 asseruerit.
727 1028 781 1065 Item
799 1039 848 1065 ana-

22 1100 92 1137 thema
104 1099 136 1135 illi
150 1099 187 1143 qui
200 1110 240 1142 per
252 1100 292 1136 Dei
304 1100 472 1143 praescientiam
486 1101 508 1136 in
523 1103 614 1138 mortem
630 1100 724 1144 deprimi
737 1100 848 1138 hominem

24 1172 108 1209 dixerit.
123 1172 176 1208 Item
192 1172 306 1209 anathema
322 1172 354 1209 illi
368 1173 404 1217 qui
423 1173 502 1210 dixerit
518 1173 579 1209 illum
595 1173 632 1217 qui
646 1172 713 1216 periit
729 1184 772 1211 non
789 1185 848 1210 acce-

23 1244 79 1288 pisse
93 1247 116 1281 ut
129 1244 200 1281 salvus
214 1256 260 1281 esse
274 1248 353 1288 posset,
368 1246 443 1290 idest,
460 1245 485 1282 de
500 1244 615 1289 baptizato,
630 1246 664 1282 vel
679 1246 705 1283 de
720 1245 779 1282 illius
794 1248 849 1283 aeta-

22 1317 49 1354 tis
62 1326 152 1360 pagano,
165 1317 202 1361 qui
216 1318 305 1354 credere
319 1318 389 1361 potuit
401 1321 422 1355 et
434 1317 510 1355 noluit.
524 1318 578 1355 Item
592 1318 706 1355 anathema
718 1318 751 1355 illi
765 1318 803 1362 qui
818 1318 849 1355 di-

23 1389 78 1426 xerit
91 1390 150 1434 quod
163 1400 201 1427 vas
216 1391 359 1427 contumeliae
373 1401 416 1427 non
431 1391 501 1434 possit
516 1400 627 1434 assurgere
642 1393 665 1427 ut
679 1390 707 1428 sit
722 1401 759 1428 vas
775 1391 798 1427 in
811 1391 849 1428 ho-

23 1473 102 1500 norem.
114 1462 167 1499 Item
180 1463 293 1500 anathema
306 1463 338 1499 illi
350 1463 387 1507 qui
399 1462 478 1501 dixerit
490 1463 548 1507 quod
559 1462 660 1501 ‘Christus
672 1474 716 1501 non
727 1473 767 1507 pro
781 1464 849 1501 omni-

22 1534 61 1571 hus
75 1537 171 1572 mortuus
185 1535 218 1579 sit,
233 1546 273 1572 nec
286 1546 361 1574 omnes
375 1535 474 1572 homines
489 1535 560 1573 salvos
572 1546 620 1572 esse
634 1535 686 1572 velit
695 1538 738 1572 »⁹3.
754 1535 849 1572 Lucidus

24 1607 152 1651 subscripsit
167 1610 187 1645 et
200 1608 290 1651 insuper
305 1608 419 1651 epistulam
435 1608 462 1644 ad
478 1607 592 1651 episcopos
608 1608 631 1644 in
646 1607 740 1645 concilio
756 1608 849 1645 arela-

23 1680 103 1716 tensi
118 1683 258 1724 congregatos
273 1681 338 1723 misit,
352 1680 374 1716 in
389 1691 431 1725 quo
446 1681 524 1717 iterum
540 1691 623 1717 errores
637 1691 687 1717 suos
703 1680 814 1717 damnavit
829 1683 850 1717 et

25 1751 145 1789 doctrinam
160 1753 283 1796 oppositam
298 1753 409 1796 professus
426 1755 489 1790 est94.

76 1823 197 1862 Concilium
209 1825 284 1868 voluit,
296 1829 319 1862 ut
332 1836 355 1862 ea
368 1835 422 1869 quae
434 1827 509 1862 contra
522 1813 788 1868 praedestinatianismum
802 1827 849 1862 acta

25 1899 90 1940 erant,
108 1897 177 1935 tusius
194 1898 361 1941 explicarentur.
378 1898 495 1941 Propterea
512 1897 603 1935 Faustus
621 1896 710 1940 scripsit
726 1908 781 1941 opus
800 1897 849 1934 «De

24 1969 90 2011 gratia
104 1970 143 2007 Dei
156 1974 176 2007 et
189 1971 296 2007 humanae
310 1969 388 2007 mentis
400 1970 469 2007 libero
485 1969 575 2007 arbitrio
584 1972 628 2007 »⁹5.
640 1969 745 2007 Doctrina
758 1969 786 2006 ab
801 1969 849 2013 ipso

25 2042 121 2084 exposita
133 2053 176 2080 non
190 2043 276 2080 videtur
288 2043 357 2079 libera
370 2054 416 2080 esse
430 2053 441 2079 a
453 2042 571 2079 tendentiis
586 2054 597 2077 «
605 2041 774 2078 massiliensium
782 2053 803 2086 »ς
818 2042 850 2085 ip-

25 2123 46 2150 se
60 2113 150 2152 Faustus
164 2115 230 2152 abbas
244 2114 356 2152 lirinensis
371 2115 441 2151 fuerat
450 2126 460 2150 »
469 2117 493 2151 ⁹⁶.

78 2186 129 2224 Cum
145 2199 199 2231 opus
213 2187 286 2224 Fausti
301 2191 350 2230 post
365 2186 411 2224 eius
425 2189 515 2223 mortem
535 2187 592 2230 (post
607 2186 652 2230 485,
669 2189 717 2224 ante
733 2186 779 2228 500)
796 2185 850 2224 Con-

25 2259 188 2304 stantinopolim
204 2260 305 2303 venisset,
324 2259 473 2296 controversia
492 2259 518 2296 de
536 2258 666 2296 orthodoxia
685 2259 797 2296 doctrinae
816 2271 850 2297 ex-

72 2401 90 2424 93
102 2400 136 2433 ML
151 2400 179 2440 53,
194 2400 235 2434 682.

71 2462 90 2485 ⁰4
102 2460 136 2494 ML
149 2461 177 2501 53,
192 2461 232 2495 683.
246 2462 299 2495 Denz
314 2462 348 2495 160
363 2472 374 2495 a
389 2464 408 2495 ct
422 2462 440 2495 b.

72 2523 89 2546 ⁹⁵
102 2521 136 2555 ML
150 2522 178 2562 58,
192 2521 232 2556 78³.

71 2582 89 2605 ⁹⁶
101 2580 129 2613 De
140 2582 213 2615 Fausto
226 2583 307 2622 eiusque
319 2583 409 2616 doctrina
420 2583 464 2615 vide
475 2583 496 2615 Α.
508 2583 567 2622 Koch,
577 2584 615 2616 Der
626 2583 653 2615 hl.
666 2583 757 2622 Faustus,
768 2584 849 2617 Bischof

25 2648 60 2672 von
76 2641 128 2676 Riez.
145 2644 200 2683 1895;
216 2644 298 2683 Wolter‚
314 2644 354 2677 Zur
369 2643 567 2683 Dogmengeschichte
585 2645 618 2677 des
636 2644 850 2683 Semipelagianismus‚

25 2697 97 2735 47-103.
