1952 3093
458 67 580 106 427*

43 240 45 243 ,
102 175 249 235 sufficientem,
264 192 285 227 et
298 200 345 227 esse
358 188 450 233 gratiam
461 187 578 232 efficacem,
592 188 683 233 quaein
699 190 748 225 actu
762 187 835 232 primo
848 187 929 224 infalli-

101 263 175 301 biliter
185 262 302 299 coniuncta
314 264 346 298 est
358 272 406 298 cum
419 263 468 297 actu
481 261 579 304 salutari;
592 260 645 297 hinc
657 260 703 297 eius
715 260 803 297 collatio
816 263 847 297 est
859 259 928 296 maius

103 334 237 378 beneficium,
251 344 315 378 quam
329 332 415 370 collatio
430 332 510 377 gratiae
525 343 583 369 mere
598 332 731 369 sufficientis.
744 331 844 370 Secundo
859 331 930 375 inqui·

103 408 170 444 rimus
184 407 207 443 in
220 406 346 444 ulteriorem
358 404 528 449 explicationem
541 404 649 442 efficaciae
663 405 744 448 gratiae
760 404 860 447 efficacis,
874 414 929 447 quae

103 482 134 517 est
146 479 243 523 quaestio
257 479 314 515 inter
327 478 437 521 theologos
452 476 570 514 catholicos
585 480 730 515 controversa.

100 735 175 771 Trlfisls
189 734 258 770 18:111
271 736 327 768 stain
339 735 428 767 naturae
441 733 588 774 lapsaedatur
600 734 621 766 et
631 732 700 773 gratia
714 741 763 765 vere
780 736 801 766 et
816 741 874 766 mere
887 732 930 765 suf-

148 796 229 836 ficiens,
243 796 265 829 et
274 795 343 836 gralia
357 794 439 834 eiilcax'
454 794 542 835 quaein
555 795 603 828 actii
613 802 683 834 primo
701 792 834 827 infallibilem
854 801 931 826 conne-

150 856 233 890 xionem
247 864 294 889 eum
307 855 354 889 actu
367 854 456 888 salutari
468 854 536 888 lralret.

152 990 210 1027 Haec
223 990 290 1027 thesis
303 993 327 1026 ut
339 992 398 1032 patet
412 988 465 1026 duas
478 988 544 1026 habet
557 991 630 1032 partes
643 988 662 1030 1)
673 972 704 1025 *de
718 989 786 1032 gratia
801 988 927 1029 sufficiente,

101 1062 121 1103 2)
136 1060 163 1099 de
174 1062 243 1105 gratia
257 1060 346 1098 efficaci.

103 1305 115 1341 Ι.
129 1305 151 1338 lle
164 1306 219 1347 gratia
231 1306 327 1340 sulllclenle

159 1435 202 1470 «In
220 1437 276 1471 statu
291 1438 380 1472 naturae
397 1435 501 1479 lapsaex:
521 1445 571 1478 ergo
589 1436 653 1473 eliam
669 1438 719 1478 post
735 1437 848 1478 peccatum
865 1435 930 1477 Adae,

105 1509 262 1549 consequenter
279 1506 306 1543 ad
323 1506 495 1549 redemptionem
513 1506 604 1551 Christi;
621 1506 663 1543 hoc
681 1506 794 1550 speciatim
813 1506 930 1542 dicendum

105 1581 143 1621 est,
159 1578 208 1615 cum
223 1578 336 1615 lansenius
352 1578 501 1616 exsistentiam
516 1579 598 1623 gratiae
614 1578 741 1616 sufficientis
757 1589 797 1621 pro
813 1578 894 1622 angelis
911 1581 931 1615 et

105 1661 145 1693 pro
159 1650 248 1688 homine
263 1654 312 1689 ante
328 1653 441 1695 peccatum
457 1652 560 1696 explicite
575 1651 672 1689 affirmet.

157 1734 279 1772 «Gratiasz
302 1735 406 1772 auxilium
425 1736 548 1779 gratuitum,
567 1736 626 1780 quod
643 1736 700 1772 Deus
720 1737 805 1772 confert
824 1736 851 1772 ad
870 1739 930 1772 actus

105 1806 208 1842 salutares
222 1807 345 1850 ponendos;
359 1807 430 1850 gratia
444 1807 541 1844 actualis.

159 1889 231 1927 «Vere
248 1892 268 1926 et
286 1900 343 1926 mere
361 1889 469 1926 sufficiens
478 1901 501 1926 »t
520 1900 585 1926 sensu
601 1900 643 1934 quo
661 1901 727 1933 supra
745 1890 876 1933 explicatum
894 1893 932 1930 est.

106 1970 156 2005 crgo
167 1960 278 2005 auxilium,
290 1961 350 2006 quod
359 1962 446 2006 plenam
458 1961 578 2006 potentiam
589 1962 618 2000 ad
629 1965 700 2000 actum
712 1962 827 2000 salutarem
840 1962 932 2005 confert,

105 2034 163 2078 quod
177 2036 247 2072 autem
261 2034 307 2072 sine
322 2034 401 2072 effectu
414 2035 502 2072 salutari
516 2038 594 2078 manet,
609 2045 652 2073 non
665 2036 716 2079 quia
729 2035 752 2072 in
765 2034 834 2079 gratia
849 2034 931 2079 aliquid

106 2106 195 2150 deesset,
208 2107 246 2144 sed
256 2107 307 2150 quia
318 2107 384 2144 homo
396 2107 416 2144 ei
429 2108 552 2144 consentire
563 2118 607 2144 non
620 2108 676 2144 vult:
691 2109 709 2145 si
720 2108 786 2145 homo
797 2108 848 2152 vult,
860 2111 932 2151 potest

106 2187 154 2213 cum
168 2178 206 2214 illo
221 2178 302 2215 auxilio
316 2181 387 2215 actum
402 2180 517 2215 salutarem
532 2190 620 2221 ponere.
635 2180 766 2222 Intelligitur
780 2179 884 2216 auxilium
900 2191 931 2216 re-

106 2251 163 2286 mote
177 2250 211 2285 vel
224 2249 323 2292 proxime
338 2249 453 2287 sufficiens.

159 2332 276 2369 «D.atur»:
294 2333 318 2370 id
335 2331 377 2370 est:
396 2333 490 2377 exsistit;
508 2333 557 2370 aliis
572 2333 656 2370 verbis:
676 2344 719 2371 non
737 2335 808 2371 omnis
824 2334 893 2378 gratia
910 2335 932 2371 in

105 2405 214 2447 praesenti
227 2405 304 2443 ordine
317 2408 349 2442 est
360 2405 444 2450 efficax;
459 2406 496 2442 sed
508 2417 539 2448 ea,
553 2417 607 2450 quae
620 2416 663 2444 non
677 2410 709 2444 est
721 2406 802 2451 efficax,
815 2409 931 2450 propterea

105 2487 149 2514 non
163 2480 195 2515 est
206 2477 347 2516 insufficiens.

159 2562 308 2598 Adversantur
321 2561 373 2598 huic
388 2562 445 2604 parti
458 2565 545 2605 praeter
560 2565 674 2600 novatores
688 2564 769 2599 saeculi
784 2564 808 2600 16
824 2564 933 2606 imprimis

108 2631 245 2669 iansenistae.

159 2709 217 2746 llaec
230 2720 281 2753 pars
292 2713 324 2747 est
337 2709 431 2747 definita.
