1951 3093
380 69 489 107 „19¹-

23 207 72 250 ctio,
84 207 185 248 tantaque
199 206 231 240 est
244 212 294 246 erga
306 206 426 239 creaturam
440 214 500 240 suam
514 196 583 246 pietas
597 203 712 247 creatoris,
725 207 748 241 ut
762 215 805 242 non
818 216 851 242 so-

22 282 66 317 lum
83 276 198 314 comitetur
215 285 268 319 eam,
286 274 324 312 sed
342 275 406 312 etiam
422 276 540 319 praecedat
555 276 600 320 iugi
617 277 763 320 providentia.
781 277 849 321 Quam

23 353 123 395 expertus
144 348 253 392 Propheta
274 348 368 386 Domino
390 348 526 392 apertissime
549 349 662 387 confitetur
683 350 769 387 dicens:
793 351 850 393 Deus

23 435 88 467 meus,
100 421 253 459 misericordia
266 421 312 459 eius
325 421 452 465 praeveniet
465 406 501 459 me
507 426 531 460 ⁶⁶.
547 422 587 466 Qui
602 434 650 460 cum
663 423 765 465 innobis
780 427 850 461 ortum

22 496 136 543 quemdam
150 495 220 532 bonae
235 494 352 532 voluntatis
367 495 494 540 inspexerit,
509 496 617 533 illuminat
631 507 678 534 eam
692 497 807 534 confestim
822 500 851 534 at-

23 582 63 616 que
75 569 190 612 confortat,
203 571 223 605 et
234 568 311 605 incitat
322 568 350 605 ad
362 569 458 612 salutem,
471 568 630 606 incrementum
642 570 740 607 tribuens
753 571 773 607 ei
786 581 850 615 quam

23 644 56 681 vel
72 643 118 686 ipse
133 641 245 685 plantavit,
261 642 296 678 vel
311 644 386 679 nostro
402 644 481 679 conatu
496 642 576 679 viderit
593 642 712 680 emersisse.
727 643 792 680 Nam:
808 643 851 679 An-

23 720 108 761 tequam
122 715 222 758 clament,
236 714 313 758 inquit,
329 724 367 758 ego
383 715 507 761 exaudiam3
524 715 595 752 adhuc
610 715 748 760 loquentibus
764 715 796 753 eis
812 726 850 760 ego

24 789 109 826 audiam
118 791 141 825 ⁶⁷.
159 786 185 824 Et
202 787 291 825 iterum:
311 786 344 824 Ad
360 798 436 825 vocem
453 787 554 825 clamoris
572 789 604 825 tui
622 789 694 826 statim
711 792 733 826 ut
750 789 850 832 audierit,

23 858 164 904 respondebit
174 858 247 897 tibin.
257 858 284 896 Et
293 869 337 897 non
347 860 416 898 solum
426 862 501 897 sancta
513 860 621 898 desideria
632 861 739 905 benignus
749 861 849 906 inspirat,

24 934 61 971 sed
77 933 142 970 etiam
158 932 285 970 occasiones
301 933 419 976 praestruit
435 934 498 977 vitae,
516 937 536 970 et
552 934 736 977 opportunitatem
752 934 805 979 boni
821 935 850 972 et-

24 1007 92 1043 lectus
106 1016 131 1043 ao
147 1005 247 1043 salutaris
262 1004 310 1043 viae
326 1005 468 1043 directionem
484 1006 617 1044 demonstrat
633 1007 756 1044 errantibus
765 1020 775 1044 »
784 1011 809 1044 ⁶⁹.
824 1007 851 1044 Et

24 1089 70 1122 cap.
82 1078 100 1123 9,
113 1081 162 1121 post
175 1078 253 1115 multos
265 1080 335 1115 textus
348 1090 373 1116 ex
387 1090 402 1116 s.
417 1078 528 1122 Scriptura
541 1080 622 1124 allatos,
636 1080 720 1124 quaerit
732 1080 785 1124 quid
796 1080 850 1118 haec

24 1151 65 1189 sibi
77 1151 150 1194 velint,
164 1151 227 1188 «nisi
240 1151 298 1196 quod
311 1151 334 1188 in
347 1151 382 1189 his
395 1152 496 1189 omnibus
510 1155 530 1189 et
543 1152 612 1196 gratia
624 1152 663 1189 Dei
676 1156 697 1189 et
710 1153 799 1190 libertas
813 1164 852 1204 no->

24 1224 61 1260 stri
75 1224 197 1260 declaratur
210 1223 302 1278 arbitrii,
316 1227 336 1262 et
350 1224 401 1268 quia
414 1224 479 1261 etiam
494 1225 538 1261 suis
553 1224 663 1262 interdum
677 1225 771 1262 motibus
785 1226 849 1263 homo

24 1296 49 1333 ad
66 1296 170 1333 virtutum
187 1296 295 1340 appetitus
311 1297 381 1340 possit
398 1297 491 1341 extendi,
509 1308 594 1340 semper
610 1308 661 1334 vero
677 1297 773 1341 indigeat
791 1298 850 1335 adiu-

23 1369 76 1405 vari.
89 1368 133 1405 Nec
147 1368 205 1405 enim
219 1380 267 1406 cum
281 1368 374 1406 voluerit
387 1369 435 1414 quis
450 1370 540 1406 sanitate
553 1370 679 1413 perfruitur,
693 1373 728 1407 aut
743 1371 769 1407 de
783 1371 850 1414 aegri-

23 1441 104 1478 tudinis
117 1441 193 1478 morbo
205 1452 246 1485 pro
260 1441 345 1479 arbitrii
358 1442 390 1479 sui
404 1441 512 1479 desiderio
524 1442 634 1479 liberatur.
649 1442 706 1485 Quid
718 1444 788 1479 autem
801 1453 850 1487 pro·

25 1513 70 1550 dest
88 1513 186 1550 sanitatis
204 1514 295 1557 gratiam
313 1515 449 1558 concupisse,
467 1514 510 1551 nisi
527 1515 633 1552 Dominus
651 1515 688 1559 qui
706 1515 763 1552 vitae
780 1516 850 1558 ipsius

23 1596 84 1636 usum
95 1586 177 1630 tribuit,
191 1585 255 1624 etiam
268 1586 364 1630 vigorem
377 1586 532 1623 incolumitatis
546 1587 670 1630 impartiat?
681 1587 710 1625 ⁴Ut
724 1590 794 1624 autem
808 1588 850 1625 evi-

25 1657 108 1695 dentius
122 1659 208 1703 clareat,
223 1659 287 1696 etiam
299 1670 340 1703 per
352 1662 441 1696 naturae
453 1659 534 1696 bonum
549 1660 607 1703 quod
621 1658 726 1697 beneflcio
742 1658 850 1697 Creatoris

23 1730 130 1767 indultum
147 1734 185 1775 est,
203 1741 366 1776 nonnumquam
383 1731 490 1769 bonarum
508 1732 642 1769 voluntatum
660 1732 750 1775 prodire
768 1732 850 1776 princi-

24 1801 65 1844 pia.
83 1814 137 1847 quae
154 1806 232 1848 tamen,
249 1803 292 1840 nisi
310 1815 322 1841 a
338 1804 432 1841 Domino
450 1803 577 1847 dirigantur,
596 1804 623 1841 ad
641 1804 860 1842 consummationem

24 1874 126 1923 virtutum
140 1875 255 1919 pervenire
268 1887 312 1914 non
327 1878 424 1920 possunt,
438 1875 553 1919 Apostolus
569 1865 675 1913 testisest
690 1876 775 1914 dicens:
791 1877 849 1918 Velle

24 1946 107 1984 adiacet
124 1948 186 1992 mihi,
201 1948 305 1992 perficere
323 1951 394 1985 autem
411 1959 454 1985 non
472 1948 561 1985 invenio
570 1961 580 1984 r>
590 1952 614 1985 ⁷⁰.
630 1948 683 1992 Cap.
702 1949 737 1986 11:
758 1961 768 1984 «
776 1949 803 1986 Et
820 1949 850 1993 ita

24 2021 72 2055 sunt
84 2019 138 2057 haec
150 2020 310 2065 quodammodo
323 2020 442 2057 indiscrete
455 2020 563 2063 permixta
575 2023 638 2064 atque
652 2020 749 2065 contusa,
762 2020 850 2065 utquid

24 2101 49 2126 cx
66 2102 107 2136 quo
124 2092 218 2136 pendeat
236 2093 294 2130 inter
311 2093 389 2130 multos
408 2102 485 2136 magna
502 2092 628 2136 quaestione
647 2093 751 2138 volvatur,
771 2093 794 2129 id
812 2096 850 2135 est,

24 2165 94 2201 utrum
112 2165 162 2209 quia
181 2164 268 2202 initium
286 2165 357 2202 bonae
375 2164 491 2202 voluntatis
510 2164 680 2208 praebuerimus,
698 2165 850 2207 miserereatur

24 2236 92 2272 nostri
105 2237 172 2282 Deus;
186 2247 213 2274 an
227 2237 278 2282 quia
291 2237 349 2274 Deus
362 2237 483 2280 miseretur,
498 2247 656 2281 consequamur
669 2237 739 2274 bonae
754 2238 850 2281 volunta-

24 2307 51 2344 tis
66 2309 167 2347 initium?
181 2309 242 2346 Multi
258 2309 316 2346 enim
333 2309 416 2353 singula
431 2309 484 2346 haec
501 2312 628 2353 quaerentes
644 2320 668 2347 ac
685 2310 741 2347 iusto
757 2309 850 2353 amplius

22 2426 166 2437 ———--

69 2517 88 2540 ⁶⁶
100 2515 125 2548 Ps
139 2515 167 2555 58,
181 2515 209 2548 11.

68 2577 85 2600 ⁶⁷
99 2575 118 2609 ls
133 2575 161 2615 65,
173 2574 202 2608 24.

68 2637 86 2661 ⁸⁸
99 2635 118 2669 Is
132 2635 161 2675 3⁰,
173 2635 201 2669 19.

69 2699 87 2720 ⁶⁹
100 2696 133 2729 ML
146 2696 174 2735 49,
188 2696 223 2729 912
237 2706 262 2729 ss.

68 2760 86 2782 ⁷⁰
99 2756 149 2790 Rom
162 2757 178 2790 7.
192 2776 200 2782 -
213 2757 247 2789 ML
261 2756 289 2796 40,
303 2756 337 2789 918
350 2766 375 2789 ss.
