1952 3093
375 19 378 24 ’
416 34 537 72 -201-

64 161 140 197 sterilia
150 168 190 191 non
203 159 296 191 admittit.
308 158 384 190 Bonum
398 164 442 195 ergo
455 166 504 195 opus
517 155 548 188 illi
562 158 596 193 est,
610 155 662 194 quod
673 155 750 188 confert
762 154 786 186 ad
799 153 890 186 salutem.

64 224 113 256 Haec
124 220 146 251 de
157 219 183 251 iis
194 228 244 258 quae
255 218 315 250 habet
325 218 345 250 in
358 227 415 256 opere
426 219 495 249 contra
506 216 612 248 Iulianum.

110 339 212 379 Quomodo
224 340 300 377 integra
314 338 403 370 doctrina
417 346 431 378 s,
445 336 551 375 Augustini
566 336 588 368 de
602 335 694 374 operibus
708 335 819 367 infidelium
831 334 890 369 intel=

64 401 141 440 ligenda
157 403 176 432 et
191 399 307 438 explicanda
323 399 354 437 sit,
370 398 426 430 vario
442 397 500 439 modo
518 407 529 428 3
544 396 642 434 theologis
658 396 761 429 catholicis
778 395 890 434 exponitur.

63 463 99 495 Vix
115 460 193 492 videtur
208 459 304 499 possibile
319 459 364 490 dare
380 458 460 490 unicam
476 457 634 495 explicationem,
651 456 692 488 sive
707 459 794 489 statuere
809 456 890 488 unicum

63 520 188 563 principium,
200 529 223 552 ex
235 529 273 558 quo
286 519 353 551 omnia
364 518 496 556 explicentur;
510 517 543 549 sed
553 516 641 548 diversae
652 517 793 555 explicationes
806 516 891 548 invicem

64 580 160 619 complere
176 579 286 612 [1511531184.

135 640 154 678 α)
170 640 232 678 Opera
248 639 358 671 infidelium
374 641 420 670 sunt
436 640 521 677 peccata,
536 639 634 676 quatenus
650 646 691 669 non
707 637 772 669 solum
788 646 828 669 non
844 638 891 669 sunt

65 712 87 735 ex
101 701 143 739 lide,
160 700 193 732 sed
209 710 232 732 ex
248 700 365 731 infidelitate
380 699 493 738 procedunt.
510 698 541 729 lta
555 697 597 729 sine
614 696 674 729 dubio
689 707 746 736 saepe
763 697 783 729 in
800 696 891 729 «Contra

65 762 165 795 lulianum
173 770 188 792 1).
207 760 308 792 Interdum
326 763 393 792 tamen
411 768 467 790 mens
485 768 500 790 s.
517 757 623 796 Augustini
641 757 720 790 videtur
738 767 785 796 esse,
803 757 892 796 praecise

64 823 143 861 propter
155 820 252 852 detectum
264 820 308 851 lidei
320 819 420 851 infidelem
431 819 472 850 iarn
483 818 586 850 voluntate
598 817 672 849 infideli
686 825 747 856 agere.
760 817 777 850 S.
790 817 891 849 Bonaven-

65 880 248 918 1313,132(1151,41
260 880 304 911 dub.
316 880 335 917 2;
347 890 361 911 5.
372 879 484 916 Τ110111352,
495 878 505 910 2
516 888 533 916 q.
544 878 565 909 111
577 888 593 910 3.
603 877 614 909 4
624 877 648 909 ad
659 877 679 909 1:
693 877 795 910 «Verbum
806 877 891 910 jnudrss

65 945 94 974 est
109 941 266 977 intelligendum.
281 941 312 971 rel
328 940 375 978 quia
390 940 432 971 vita
447 939 557 970 infidelium
572 948 612 969 non
628 941 693 976 potest
709 948 750 970 esse
767 938 809 970 sine
825 947 892 976 pecca-

64 1006 91 1040 to,
102 1010 147 1033 cum
158 985 237 1039 peccata
248 1001 284 1032 fide
295 1010 334 1032 non
346 1000 453 1037 tollantur;
465 999 497 1031 vel
509 999 556 1038 quia
567 998 664 1037 quidquid
677 1001 737 1037 agunt
749 1008 772 1030 ex
785 997 892 1030 infidelita-

64 1066 88 1100 te,
100 1062 202 1099 peccatum
215 1063 244 1093 est
252 1071 267 1092 ».

136 1121 155 1158 11)
167 1121 229 1159 Opera
241 1121 350 1152 infidelium
362 1122 458 1152 vocantur
469 1121 553 1158 peccata,
566 1119 613 1158 quia
624 1119 677 1150 deest
689 1119 731 1151 illis
742 1118 779 1151 illa
790 1118 891 1157 perfectio,

64 1181 163 1214 ordinatio
176 1181 200 1213 ad
211 1181 279 1219 Deum,
292 1190 351 1219 quam
364 1180 384 1212 in
396 1180 495 1218 praesenti
508 1179 576 1212 ordine
588 1178 661 1211 hahere
672 1178 770 1211 deberent.
783 1179 814 1211 Ita
824 1178 891 1217 plures

64 1241 157 1274 catholici
173 1244 241 1273 contra
258 1241 391 1273 Protestantes
407 1243 426 1272 et
442 1240 569 1272 Iansenistas.
587 1239 617 1271 113
633 1248 711 1278 quoquc
727 1239 792 1271 multa
809 1239 861 1277 apud
876 1249 891 1271 s.

64 1302 197 1339 Augustinnm
211 1301 296 1339 intelligi
310 1303 399 1340 possunt.

136 1361 153 1399 c)
170 1361 231 1394 Sicuti
246 1361 305 1393 homo
323 1363 368 1393 ante
383 1360 544 1393 iustificationem
560 1360 580 1391 in
596 1362 674 1398 peccato
690 1360 796 1398 habituali,
809 1357 891 1398 'peccato

64 1421 163 1459 originali,
173 1421 280 1460 invenitur,
290 1421 380 1459 privatus
391 1421 455 1459 gratia
467 1420 606 1458 sanctificante,
618 1429 669 1458 quae
679 1420 765 1459 privatio
777 1420 837 1452 habet
847 1429 892 1452 vere
904 1442 907 1446 -

65 1482 162 1513 rationem
177 1481 252 1520 culpae,
269 1482 298 1513 ita
313 1491 391 1520 quoqne
408 1481 428 1512 in
446 1480 538 1513 omnibus
556 1480 632 1512 actibus
649 1480 697 1522 talis
712 1480 800 1513 hominis
818 1480 892 1512 similis

65 1542 152 1573 defectus
168 1541 258 1580 habetur,
274 1542 347 1580 privati
364 1544 411 1573 sunt
427 1541 464 1573 illa
480 1541 569 1572 bonitate
587 1541 740 1579 supernaturali,
758 1550 808 1579 quae
824 1541 892 1572 adesse

66 1602 149 1640 deberet,
164 1602 198 1640 qui
213 1603 300 1634 detectus
315 1602 377 1633 simili
393 1601 451 1633 modo
466 1600 572 1639 culpabilis
587 1603 622 1639 est,
636 1601 694 1633 sicuti
710 1601 776 1640 ipsum
790 1603 892 1639 peccatum

66 1662 170 1700 originale;
185 1662 232 1694 hinc
245 1662 276 1693 illi
290 1664 345 1694 actus
359 1665 409 1693 recte
421 1662 487 1693 vocari
501 1664 584 1700 possunt
596 1664 680 1699 peccata.
694 1661 736 1693 Non
751 1662 831 1700 quidem
846 1664 892 1693 sunt

65 1731 138 1754 novum
151 1725 253 1760 peccatum
265 1722 375 1761 personale,
387 1731 450 1760 neque
463 1731 515 1753 nora
527 1721 591 1760 culpa,
603 1721 637 1753 sed
649 1721 844 1760 comprehenduntur
856 1721 892 1753 suh

65 1782 123 1821 culpa
133 1782 207 1820 peccati
219 1782 328 1824 originalis.
341 1782 371 1814 lta
382 1782 446 1820 Ernst,
458 1791 516 1820 quem
528 1781 619 1820 sequitur
630 1781 699 1819 Lange.

137 1842 156 1879 d)
170 1842 243 1875 Contra
254 1842 419 1880 semipelagianos
432 1842 499 1874 Patres
512 1842 593 1874 omnino
606 1841 737 1874 admittebant
751 1844 805 1874 actus
817 1842 892 1874 saluta-

66 1912 102 1940 res,
116 1903 149 1941 qui
164 1903 272 1941 perducunt
287 1907 305 1935 et
320 1905 439 1941 praeparant
453 1902 518 1940 ipsam
530 1902 596 1939 fidem;
613 1902 637 1933 ad
650 1902 686 1935 hos
700 1906 766 1935 autern
782 1905 837 1934 actus
852 1913 892 1934 non

65 1965 156 2000 poterant
167 1972 276 2002 supponere
287 1963 327 1994 iam
338 1963 402 2000 ipsam
412 1962 470 1994 tidem
481 1962 586 1994 formalem
595 1962 637 1994 siue
648 1965 715 2000 aperta
726 1962 891 2001 contradictione;
914 1995 916 1998 ,

67 2030 111 2061 ergo
126 2023 168 2054 sine
183 2023 243 2055 dubio
257 2023 389 2060 agnoscebant
404 2024 459 2054 actus
474 2032 513 2054 non
528 2022 675 2060 peccaminosos
691 2025 736 2069 ante
752 2023 816 2061 ipsam
831 2023 892 2055 tidem

66 2083 144 2120 proprie
156 2083 234 2115 dictam.
247 2083 295 2115 Cum
306 2090 350 2121 ergo
364 2083 431 2114 dicunt
442 2085 544 2121 peccatum
556 2092 603 2120 esse,
615 2082 713 2121 quidquid
724 2093 763 2115 non
775 2086 838 2115 estex
850 2083 892 2121 fide,

65 2152 137 2175 nomeu
151 2143 195 2174 fidei
210 2144 262 2182 apud
275 2144 329 2181 ipsos
344 2153 402 2175 sensu
415 2143 486 2175 latiore
500 2142 651 2180 intelligendum
666 2147 695 2176 est
709 2153 744 2182 pro
759 2143 812 2176 fideli
827 2147 846 2176 et
861 2144 892 2176 de-

65 2206 112 2235 vota
123 2203 226 2235 voluntate
237 2211 282 2241 erga
293 2204 360 2235 Deum,
373 2203 453 2235 «Homo
464 2203 542 2242 quoties
552 2202 635 2234 honeste
647 2203 687 2240 agit
698 2206 718 2235 et
729 2204 820 2243 sequitur
832 2204 893 2236 dicta-

53 2272 110 2295 ,men
124 2263 256 2296 conscientiae
269 2273 322 2302 5335,
335 2263 423 2301 agnoscit
436 2273 495 2301 super
508 2273 528 2295 se
541 2263 609 2301 legem,
623 2263 654 2295 cui
668 2273 688 2296 se
701 2263 783 2302 subicit;
796 2264 845 2302 haec
859 2275 893 2297 311-

66 2326 105 2355 tem
121 2324 152 2355 lex
167 2326 196 2355 est
211 2324 262 2355 Deus
278 2324 319 2362 ipse
335 2324 416 2362 dictans,
432 2324 480 2362 quid
495 2323 614 2361 faciendum,
629 2323 677 2362 quid
691 2324 845 2356 ommittendum
861 2325 893 2357 sit.

114 2453 141 2474 184
152 2450 179 2482 De
191 2450 227 2483 hac
239 2451 365 2489 quaestione:
381 2451 445 2489 Ernst,
458 2450 493 2482 Die
505 2450 574 2482 Werke
587 2450 628 2482 und
640 2450 745 2489 Tugenden
760 2451 793 2483 der
806 2451 893 2489 Ungl'au-

66 2509 123 2548 bigen
139 2510 189 2542 nach
205 2511 231 2543 St.
246 2511 349 2549 Angustin,
363 2511 457 2549 Freiburg
472 2511 527 2548 1871;
544 2510 647 2549 Scheeben,
662 2510 774 2550 Dogmatik,
789 2512 817 2543 111
833 2512 841 2549 ἓ
859 2511 894 2544 297

66 2579 95 2602 nr.
111 2570 199 2608 sle-54&
215 2571 327 2609 hlausbach,
341 2571 376 2603 Die
391 2571 451 2603 Ethik
466 2571 498 2603 des
513 2571 540 2602 111.
556 2571 684 2610 Augustinus,
699 2572 793 2610 Freiburg
808 2572 853 2605 1909
869 2573 893 2610 ll,

67 2630 100 2663 258
116 2640 141 2663 ss.

114 2694 141 2716 ³85
155 2691 223 2724 Omnis
237 2692 347 2724 infidelium
361 2693 403 2724 rita
417 2695 446 2724 est
459 2695 565 2730 peccatum.
