1952 3093
464 61 543 97 -244
558 83 585 87 -—

168 183 240 221 «Cum
254 183 335 219 auxilio
350 182 431 225 gratiae
440 193 462 218 »z
479 182 548 225 gratia
561 181 684 225 requiritur,
700 180 747 218 sine
760 181 797 216 illa
812 183 844 216 est
858 180 937 222 impos-

114 256 183 293 sibile.
200 255 253 293 Cum
269 265 408 298 perseverare
425 254 521 297 practice
539 253 597 290 idem
615 253 642 289 sit
659 252 717 297 quod
735 262 779 289 non
798 251 937 290 succumbere

114 327 235 370 tentationi,
248 338 292 364 non
306 337 403 370 peccare,
418 336 493 363 sensus
507 326 571 362 huius
583 325 652 368 partis
667 328 708 361 est:
725 335 752 362 ne
766 325 835 361 iustus
849 323 937 368 quidem

114 400 161 437 sine
174 399 254 436 auxilio
265 398 346 442 gratiae
359 398 428 435 vitare
439 401 510 441 potest
521 400 610 441 peccata
623 397 728 439 mortalia,
741 397 806 440 idque
819 406 863 433 non
876 398 937 433 intel-

114 471 189 515 ligitur
205 471 231 508 de
246 471 308 507 brevi
323 470 421 514 quolibet
435 474 538 514 tempore,
555 469 593 506 sed
609 469 693 512 «11111»,
710 469 742 505 uti
758 469 781 504 in
797 467 854 505 thesi
871 468 894 504 11
912 468 937 505 de

113 543 265 586 peccatoribus
280 542 362 579 dictum
377 545 417 587 est;
433 542 500 579 simili
513 552 597 586 quoque
612 541 677 578 modo
693 540 838 583 concipienda
853 543 884 576 est
899 540 937 577 im-

114 615 211 658 potentia
223 614 319 651 hominis
330 617 351 651 et
363 614 481 651 necessitas
492 617 513 651 et
525 617 602 650 natura
613 612 696 649 auxilii.

169 691 241 729 «Cum
256 692 337 729 auxilio
352 692 461 735 speciali»
477 692 500 728 id
515 694 546 728 est
561 694 646 734 praeter
661 691 752 734 gratiam
768 690 938 727 sanctificantem

114 767 135 801 et
152 764 241 800 virtutes
259 764 343 800 infusas
359 764 418 801 aliud
436 764 506 800 adhuc
524 763 627 800 auxilium
644 763 725 806 gratiae
742 763 866 807 requiritur.
883 762 937 799 Nam

115 836 179 872 etiam
190 839 239 879 post
250 835 426 873 iustificationem
438 839 510 872 manet
520 836 543 871 in
555 835 643 872 homine
654 835 832 878 concupiscentia
844 834 937 878 rebellis,

114 908 161 962 ipse
173 907 243 944 adhue
255 910 328 944 manet
338 908 361 944 in
373 908 455 945 mundo
467 910 488 945 et
498 910 569 950 potest
580 907 651 944 adhuc
662 907 741 944 tentari
753 917 765 943 a
778 903 937 952 diab0103hinc

114 979 157 1022 ipsi
168 990 252 1023 quoque
263 983 381 1016 occurrunt
392 980 474 1016 similes
484 979 626 1022 difficultates,
639 979 664 1015 de
676 979 753 1023 quibus
765 979 821 1016 thesi
831 979 855 1015 11
868 990 937 1016 sermo

115 1054 166 1094 erat,
179 1051 207 1087 ad
220 1062 272 1095 quas
286 1051 420 1094 superandas
433 1051 475 1088 hoc
487 1051 567 1088 auxilio
583 1051 674 1093 speciali
686 1050 775 1094 indiget.
788 1050 825 1087 Est
839 1060 889 1094 ergo
904 1062 938 1087 au-

114 1123 191 1159 xilium
209 1123 339 1159 medicinale
358 1126 434 1160 contra
451 1122 598 1159 infirmitatem
615 1123 725 1166 moralem,
742 1123 856 1159 et'eodem
873 1123 937 1159 modo

115 1194 279 1238 intelligendum
293 1197 326 1231 est
338 1195 394 1231 sicut
408 1195 512 1232 auxilium
525 1205 609 1237 sanans,
624 1194 650 1231 de
663 1205 705 1238 quo
718 1194 741 1230 in
755 1194 811 1231 thesi
825 1195 856 1238 11,
869 1195 893 1231 id
907 1198 938 1231 est

115 1266 215 1303 consistit
228 1266 253 1302 in
264 1266 423 1303 illuminatione
437 1267 559 1303 intellectus
573 1269 593 1303 et
606 1266 751 1308 inspiratione
764 1267 887 1303 voluntatis.
900 1266 937 1302 Fa-

115 1339 155 1375 cile
170 1339 304 1382 intelligitur,
317 1339 380 1375 iustis
396 1339 442 1375 dari
458 1339 544 1381 auxilia,
559 1338 636 1382 quibus
651 1349 694 1376 non
708 1340 777 1376 solum
791 1339 887 1381 honeste,
901 1340 938 1375 sed

115 1405 237 1447 salutariter
252 1410 340 1447 vincere
355 1399 440 1454 possint
456 1411 584 1447 tentationes
600 1414 620 1448 et
634 1411 749 1448 observare
765 1411 872 1453 mandata,
889 1410 938 1454 quia

116 1481 147 1518 sic
161 1492 258 1518 crescere
271 1481 351 1518 debent
362 1482 385 1517 111
399 1482 491 1527 iustitia;
505 1486 537 1519 est
551 1492 600 1525 ergo
612 1482 718 1519 auxilium
732 1482 776 1519 illis
791 1483 892 1519 collatum
905 1493 938 1519 511-

115 1553 251 1596 pernaturale
263 1563 308 1590 non
318 1554 387 1590 solum
399 1553 518 1601 secundum
528 1554 622 1597 modum,
633 1554 671 1590 sed
681 1554 799 1591 entitative.
810 1554 852 1591 Sed
862 1554 885 1590 in
897 1554 937 1590 hac

115 1627 177 1667 parte
190 1625 257 1662 thesis
272 1625 341 1668 gratia
356 1625 465 1668 imprimis
482 1625 631 1662 consideratur
647 1626 669 1661 in
685 1629 788 1669 quantum
804 1636 883 1663 sanans
900 1629 937 1663 est.

168 1695 268 1733 Continet
278 1706 328 1740 ergo
339 1697 394 1733 haec
405 1708 455 1739 pars
468 1697 510 1734 dno
521 1700 611 1734 asserta:
625 1698 644 1738 1)
656 1698 708 1734 iusti
720 1698 819 1741 indigent
830 1698 899 1741 gratia
911 1699 937 1734 ad

114 1768 307 1813 perseverandum
318 1768 337 1811 2)
350 1779 424 1805 omnes
435 1769 487 1805 iusti
498 1772 589 1812 possunt
599 1780 744 1812 perseverare,
755 1769 836 1806 hahent
847 1770 937 1813 gratiam

115 1840 266 1876 necessariam.

167 1911 224 1948 Hinc
234 1912 299 1948 etiam
311 1912 390 1955 duplex
402 1912 478 1948 classis
490 1923 563 1949 eorum
575 1914 673 1956 quisunt
685 1916 760 1950 contra
772 1913 829 1950 hanc
841 1916 935 1957 partem:

196 1983 215 2024 i)
232 1986 307 2020 contra
321 1983 386 2020 illud:
405 1994 473 2020 «cum
487 1984 576 2027 speciali
592 1985 692 2022 auxilio»
709 1988 764 2028 sunt,
779 1985 816 2029 qui
832 1985 938 2022 affirmant

115 2054 225 2091 hominem
236 2055 282 2091 sine
293 2055 362 2098 gratia
372 2066 436 2098 posse
448 2066 533 2092 servare
544 2056 612 2099 legem
623 2056 720 2093 divinam
732 2060 752 2093 et
763 2068 902 2100 perseverare
914 2058 937 2093 111

115 2126 194 2168 gratia:
220 2126 367 2169 Pelagian
376 2126 396 2170 i,
422 2127 540 2164 secundnm
553 2139 606 2171 quos
620 2128 723 2165 auxilium
737 2128 834 2165 divinum
848 2139 891 2165 non
906 2132 938 2166 est

116 2197 158 2233 nisi
171 2197 199 2233 ad
210 2197 296 2234 facilius
306 2209 370 2241 posse
376 2201 402 2234 ³3.

196 2268 215 2310 2)
229 2272 305 2306 contra
320 2272 428 2313 «potest»
443 2270 476 2306 illi
489 2273 544 2314 sunt,
557 2271 594 2315 qui
609 2272 731 2309 concedunt
745 2272 832 2316 quidem
846 2272 937 2316 gratiam

116 2341 260 2377 necessariam
279 2352 334 2386 esse3
356 2341 394 2378 sed
414 2345 493 2385 negant
511 2353 559 2379 earn
577 2343 678 2380 omnibus
698 2344 760 2381 iustis
779 2355 791 2380 a
811 2345 855 2381 Deo
877 2345 934 2381 dari:

115 2411 206 2448 Baius
242 2412 278 2453 (cf.
295 2424 357 2456 prop.
375 2414 446 2451 damn.
462 2414 498 2450 54:
519 2414 652 2452 «Definitiva
669 2415 723 2452 haec
740 2417 852 2460 sententia,
869 2417 937 2453 Deum

114 2482 199 2519 homini
210 2483 266 2520 nihil
275 2484 410 2527 impossibile
419 2486 563 2529 praecepisse,
575 2486 629 2524 falso
641 2487 743 2524 tribuitur
752 2487 877 2532 Augustino,
889 2500 937 2525 cum

161 2653 179 2674 ³³
193 2650 359 2688 Semipelagianos
371 2661 393 2683 ca
404 2659 485 2690 negasse
496 2662 546 2691 qnae
557 2654 577 2685 in
588 2654 624 2686 hac
634 2659 689 2693 parte
701 2656 798 2692 dicuntur.
809 2668 848 2690 non
859 2659 936 2691 videtur

114 2711 166 2740 certo
179 2710 271 2742 affirmari
283 2720 345 2749 posse.
