1952 3093
407 29 516 66 „55-

50 151 104 192 cato,
120 147 171 185 dum
184 148 221 185 hic
236 151 257 185 et
271 159 330 186 nunc
346 157 408 192 agere
423 149 546 194 meditatur,
562 150 677 195 abstinere,
693 149 731 188 sed
747 155 876 195 quocunque

50 231 95 259 sese
107 221 203 265 verterit,
216 222 310 265 quadarn
324 222 425 259 humanis
439 221 523 259 viribus
536 222 649 260 insolubili
662 222 771 267 peccandi
783 222 877 260 necessi-

51 296 93 331 tate
107 295 205 331 teneatur
213 306 224 330 »
231 297 257 331 1⁶.

103 366 151 403 Non
166 367 228 404 datur
239 368 335 404 medium
347 368 404 405 inter
418 368 545 407 charitatem
559 372 579 406 et
592 369 723 412 culpabilem
737 369 879 413 cupiditatem

55 440 110 483 (cap.
125 440 165 482 19).
180 440 237 477 Hinc
252 451 315 477 omne
329 441 388 484 quod
403 451 447 478 non
462 444 494 478 est
509 453 534 479 ex
548 441 597 485 fide,
612 447 644 481 est
658 445 772 486 peccatum
791 442 846 484 (Lib.
860 442 879 484 4,

52 524 98 555 cap.
112 512 138 554 1).
152 513 201 550 Sola
213 513 311 551 absentia
324 513 375 550 fidei
390 514 474 558 sufficit,
488 517 512 551 ut
526 514 598 552 omnia
613 526 680 558 opera
694 515 815 553 Infidelium
828 525 879 552 vera

52 588 141 638 peccata
153 586 196 623 sint
212 586 268 629 (cap.
280 586 307 627 3).
322 586 363 623 Sed
380 586 482 631 (111119)
497 588 535 624 «si
549 598 592 625 non
607 591 639 625 est
651 588 741 625 libertas
754 586 880 625 abstinendi

52 672 63 697 a
75 662 171 702 peccato,
185 658 223 697 sed
235 659 343 704 peccandi
355 660 472 697 necessitas
485 661 508 696 in
522 661 638 705 voluntate,
651 661 694 698 iam
707 664 821 704 peccatum
835 670 879 697 non

49 731 89 769 erit
97 734 217 775 peccatum.
226 731 287 774 Quod
296 732 353 768 enim
361 731 508 769 necessarium
517 737 549 770 est
557 733 599 771 hoc
608 733 656 776 ipso
666 743 709 770 non
720 735 751 770 est
759 735 879 776 peccatum,

52 808 125 848 utpote
139 805 197 848 quod
211 805 357 841 voluntarium
370 816 415 842 esse
431 805 558 843 debeatsff.
572 806 749 850 «Respondetur,
763 806 805 843 hoc
820 814 880 848 argu-

53 880 154 921 mentum,
164 878 220 914 sicut
231 887 242 913 a
253 876 393 914 Scholasticis
401 877 530 921 intelligitur
540 878 658 915 necessitas
667 878 775 922 peccandi
787 881 806 915 et
816 877 880 914 liher-

53 954 84 987 tas
100 949 230 993 abstinendi,
246 951 328 986 nnllam
344 951 433 987 omnino
449 950 493 987 vim
507 950 572 987 habet
587 950 690 987 adversus
704 949 819 993 Augustini
834 959 880 986 sen-

53 1022 148 1059 tentiam.
162 1023 207 1065 Ipsi
222 1022 280 1059 enim
294 1023 401 1066 peccandi
414 1023 564 1060 necessitatem
579 1026 664 1067 vocant,
677 1033 719 1067 qua
734 1023 782 1066 quis
797 1021 880 1059 adhoc

54 1097 172 1138 peccatum,
189 1095 246 1139 quod
264 1095 301 1131 hic
318 1098 338 1132 et
353 1105 411 1132 nunc
428 1098 571 1138 perpetratur,
589 1095 619 1131 ita
637 1094 799 1138 determinatur,
815 1097 838 1130 ut
854 1092 880 1130 ab

55 1179 78 1205 co
91 1167 199 1205 abstinere
212 1178 256 1204 non
270 1168 349 1211 possit:
365 1166 487 1204 libertatem
501 1170 571 1204 autern
587 1166 668 1211 dicunt,
681 1178 723 1211 qua
737 1166 796 1203 istud
810 1168 878 1210 potest

55 1241 131 1282 lacere,
142 1243 162 1278 et
174 1251 185 1276 a
195 1239 296 1276 faciendo
309 1239 423 1276 abstinere.
435 1239 565 1276 Huiusmodi
577 1241 647 1276 autem
659 1238 755 1275 faciendi
766 1238 876 1275 necessita·

54 1315 101 1355 tem,
117 1322 186 1356 neque
204 1311 280 1348 tribuit
296 1311 366 1348 libero
384 1311 475 1348 arbitrio
493 1310 630 1355 Augustinus,
648 1321 717 1355 neque
736 1310 762 1347 ab
781 1321 805 1348 eo
822 1309 879 1347 tollit

55 1385 179 1422 huiusmodi
189 1384 311 1421 libertatern
323 1384 458 1421 abstinendi:
473 1384 511 1421 sed
522 1385 576 1420 haec
588 1386 620 1420 est
631 1383 755 1426 necessitas
766 1394 831 1428 quam
840 1383 881 1419 Au-

55 1457 151 1499 gustinus
164 1459 254 1500 peccato
269 1457 381 1493 advectam
396 1467 441 1493 esse
456 1455 574 1499 profitetur,
588 1457 647 1500 quod
660 1455 753 1493 liberum
767 1455 881 1493 arbitrium

56 1530 83 1565 ita
97 1540 169 1566 rerum
183 1532 317 1566 terrenarum
331 1528 450 1571 cupiditate
465 1528 574 1571 captivum
589 1528 622 1571 sit,
635 1531 750 1572 antequam
763 1527 805 1565 fide
818 1526 882 1565 ‘Crea-

56 1601 107 1638 toris
120 1600 267 1644 charitateque
276 1600 387 1643 liberetur,
398 1603 422 1637 ut
433 1611 606 1644 quoquoversum
619 1611 665 1637 sese
677 1599 772 1644 verterit,
784 1600 808 1636 in
819 1608 881 1643 gene-

56 1683 78 1709 re
88 1682 176 1711 necesse
185 1672 213 1709 sit
222 1672 277 1710 illud
285 1673 341 1710 male
351 1681 422 1717 agere;
434 1672 466 1709 sic
476 1675 548 1709 tamen
557 1675 580 1709 ut
589 1672 612 1708 in
624 1672 728 1716 singulari
738 1673 821 1709 nullum
832 1683 891 1727 pec-,2⁴

56 1747 126 1781 catum
138 1746 169 1782 ita
180 1745 303 1782 necessario
316 1747 432 1788 perpetret,
443 1744 496 1788 quin
508 1745 534 1782 ab
548 1756 572 1782 eo
585 1745 655 1788 possit
668 1744 787 1782 abstinere:
803 1744 841 1782 sed
854 1744 880 1781 ab

56 1816 93 1853 illo
102 1817 231 1855 abstinendo
241 1817 264 1853 in
275 1817 334 1854 allud
344 1816 434 1860 incidat,
444 1816 502 1861 quod
512 1816 613 1853 slmiliter
622 1816 682 1854 aliud
692 1817 793 1854 faciendo
805 1827 881 1854 cavere

56 1889 166 1931 potuisset.
180 1890 237 1957 {laec
250 1889 367 1927 necessitas
380 1891 493 1933 peccatum
505 1888 527 1926 in
541 1899 618 1933 genere
631 1889 740 1933 duntaxat,
753 1899 797 1927 non
811 1888 882 1932 singu-

57 1961 76 1998 la
90 1965 179 2004 peccata
194 1963 216 1998 ln
232 1961 359 2004 particulari
374 1961 475 2005 respicit:
492 1972 533 1998 nec
548 1961 607 1997 illam
622 1961 703 1998 liberae
719 1961 837 1998 voluntatis
851 1961 882 1997 In·

58 2033 203 2071 differentiam
223 2034 285 2077 tollit,
305 2044 369 2078 quam
388 2033 516 2071 Scholastici
536 2033 668 2070 recentiores
687 2033 818 2077 postulant...
836 2032 883 2069 Erit

58 2104 114 2141 enim
126 2106 219 2143 liberum
234 2106 305 2149 quoad
319 2105 453 2149 exercitium,
466 2108 489 2160 ut
503 2105 629 2149 loquuntur;
643 2087 797 2142 necessitatum
811 2104 883 2149 quoad

58 2177 239 2219 specificatIonem
248 2190 259 2213 »
268 2181 292 2215 1⁸.
306 2177 357 2221 Cap.
371 2177 396 2215 25
409 2188 436 2214 ss.
451 2178 564 2215 ostendere
579 2180 675 2220 conatur,
689 2178 746 2213 hanc
761 2176 882 2214 doctrinam

56 2258 98 2284 uon
113 2260 158 2287 esse
172 2251 295 2287 damnatam
308 2249 496 2293 propositionibus
510 2261 521 2286 a
535 2249 573 2286 Pio
587 2249 605 2285 V
619 2252 639 2286 et
654 2249 756 2292 Gregorio
770 2249 817 2285 ΧΠΙ
832 2260 880 2292 pro-

58 2322 151 2365 scriptis.

110 2395 134 2431 In
152 2396 163 2433 3
181 2396 243 2433 libris
260 2398 310 2434 «De
328 2400 383 2433 statu
400 2408 467 2441 purae
485 2402 593 2436 naturae»
612 2400 707 2437 ostendit
723 2400 786 2436 talem
806 2403 883 2436 statum

60 2499 202 2510 ———-—-

78 2554 92 2609 s
104 2577 122 2601 1⁶
135 2548 176 2611 coi.
188 2577 229 2610 496.

106 2640 123 2661 1⁷
136 2637 176 2671 cor.
189 2638 229 2670 aar.

106 2698 125 2723 1⁸
138 2697 179 2732 coi.
190 2697 230 2732 aaa.

107 2828 200 2863 Lsuusuz.
213 2849 237 2853 —
250 2831 276 2863 De
289 2831 357 2863 Gratia
371 2831 513 2869 Redemptoris.
