1952 3093
473 53 595 93 -340-

116 174 165 210 mei.
177 176 203 209 nt
215 175 312 210 avertent
323 184 346 210 se
358 183 370 210 a
383 173 447 210 dorso
460 184 499 210 suo
511 173 571 217 duro,
584 176 605 210 et
616 184 628 210 a
639 173 810 218 malignitatibus
821 174 876 211 suis:
889 178 940 218 quia

116 244 285 282 reminiscentur
300 245 358 282 viam
374 247 461 288 patrum
477 256 564 282 suorum
581 246 618 290 qui
635 249 781 289 peccaverunt
797 247 820 282 in
837 257 871 284 me
879 259 898 283 a.
914 268 941 274 -

119 316 189 354 Ezech
201 316 259 360 11‚19
271 328 298 353 s.:
313 316 359 353 «Et
370 317 425 355 dabo
437 317 467 354 eis
479 328 600 362 cornuum,
613 306 633 354 et
645 317 746 361 spiritum
757 328 837 355 novum
849 318 943 356 tribuam

120 389 141 424 in
156 389 276 426 visceribus
289 399 374 426 eorum:
390 392 410 426 et
422 389 519 426 auferam
534 400 572 426 cor
584 389 696 433 lapideum
709 390 735 427 de
750 400 815 427 carne
828 401 909 435 eorum,
923 393 943 428 et

121 461 176 498 dabo
191 462 222 498 eis
236 472 273 498 eor
288 472 400 498 carneum:
417 461 480 499 Utin
495 462 617 505 praeceptis
632 462 686 499 meis
699 462 815 507 ambulent,
829 466 850 499 et
862 463 944 500 iudicia

121 544 167 570 mea
183 533 313 578 custodiant,
330 533 454 578 faciantque
471 545 505 571 ea:
526 537 547 571 et
564 533 608 571 sint
625 534 679 571 mihi
697 535 720 570 in
738 536 849 578 populum,
868 538 888 572 et
906 545 943 579 ego

120 605 161 642 sim
175 605 206 642 eis
220 605 242 641 in
256 606 351 642 Deum».
367 605 448 649 Quibus
461 605 561 643 omnibus
574 606 725 643 manifestatur
738 616 781 644 non
796 607 865 644 solum
880 618 944 651 posse

120 676 227 714 bonorum
242 687 332 721 operum
349 688 361 714 a
377 678 422 714 Deo
439 688 491 721 esse,
508 678 546 714 sed
563 678 622 721 ipsas
638 678 706 715 bonas
724 679 820 716 actiones
838 679 880 722 ipsi
897 690 944 716 esse

121 748 247 786 tribuendas
264 753 284 786 et
299 760 335 786 eas
350 760 362 786 a
377 750 422 786 Deo
436 749 508 792 rogari
524 760 594 793 posse.

487 973 569 1011 Parrus

171 1117 351 1154 Taurunumuus:
371 1116 448 1154 «Haec
464 1117 506 1157 erit
519 1117 552 1153 vis
569 1117 655 1154 divinae
671 1118 759 1161 gratiae,
776 1118 886 1160 potentior
902 1118 941 1154 uti-

118 1199 159 1233 que
172 1192 255 1233 natura,
269 1189 351 1226 habens
365 1190 387 1225 in
402 1189 465 1226 nobis
481 1189 627 1226 subiacentem
642 1189 684 1225 sibi
698 1189 789 1226 liberam
804 1189 890 1226 arbitrii
904 1200 941 1233 po-

118 1264 222 1305 testatem,
237 1261 295 1305 quod
320 1262 458 1316 afffggffljfflov
490 1260 588 1297 dicitur»
598 1264 621 1297 a,

174 1333 193 1370 S.
214 1332 349 1370 donimus:
372 1333 496 1370 «Addimus
514 1344 598 1377 quoquc
617 1337 638 1371 et
656 1333 759 1370 dicimus:
781 1333 828 1370 Fiat
847 1334 945 1370 voluntas

121 1409 156 1443 tua
167 1406 189 1441 ln
204 1406 263 1443 caelo
276 1406 330 1442 etin
344 1408 401 1442 terra
409 1409 433 1449 4⁵,
445 1416 488 1442 non
501 1408 524 1442 ut
536 1406 593 1443 Deus
606 1405 673 1443 iaciat
684 1405 743 1450 quod
755 1405 807 1451 vult,
819 1405 858 1443 sed
869 1407 893 1443 ut
905 1414 946 1443 nos

121 1478 192 1515 facere
207 1478 316 1522 possimus
329 1477 388 1521 quod
401 1477 458 1514 Deus
473 1478 526 1522 vult;
542 1488 591 1514 narn
604 1477 648 1515 Deo
662 1478 710 1521 quis
723 1477 815 1521 obsistit,
828 1476 944 1522 quominus

121 1550 179 1594 quod
195 1549 247 1587 velit
262 1549 342 1586 iaciat?
359 1549 400 1587 Sed
416 1549 466 1593 quia
482 1549 545 1586 nobis
562 1560 573 1586 a
587 1549 678 1605 diabolo
693 1549 812 1594 obsistitur,
829 1549 944 1593 quominus

121 1632 160 1665 per
174 1621 248 1658 omnia
264 1623 338 1658 noster
354 1621 439 1658 animus
456 1624 518 1665 atque
534 1624 594 1658 actus
610 1621 654 1658 Deo
671 1620 807 1666 obsequatur,
822 1632 908 1658 oramus
924 1624 944 1658 et

121 1693 257 1736 pertransiit
269 1693 306 1730 fiat
320 1693 343 1729 in
358 1693 421 1731 nobis
436 1693 534 1730 voluntas
549 1693 598 1738 Dei;
613 1704 667 1737 quae
680 1697 703 1730 ut
716 1692 753 1730 fiat
767 1694 790 1730 in
805 1693 875 1737 nobis,
890 1703 944 1737 opus

122 1769 154 1802 est
167 1766 207 1802 Dei
222 1765 339 1810 voluntate,
354 1764 378 1802 id
392 1768 430 1809 est,
444 1775 485 1808 ope
500 1765 545 1802 eius
561 1768 581 1801 et
596 1764 738 1809 protectione,
753 1765 805 1809 quia
821 1776 883 1802 nemo
900 1765 944 1802 suis

120 1837 204 1874 viribus
216 1837 279 1874 fortis
292 1840 330 1880 est,
343 1837 381 1874 sed
393 1837 433 1874 Dei
446 1837 580 1880 indulgentia
592 1840 613 1874 et
625 1836 777 1874 misericordia
789 1840 847 1874 tutus
861 1840 943 1874 est»⁴⁶.

170 1908 190 1946 S.
207 1909 361 1946 Aoousrruus:
382 1908 428 1945 «At
444 1908 499 1958 illud
515 1908 653 1946 manifestum
671 1912 709 1952 est,
728 1908 808 1946 frustra
825 1919 865 1948 nos
882 1909 943 1952 velle,

121 1981 164 2018 nisi
177 1981 234 2018 Deus
247 1982 383 2025 miserantum
397 1980 451 2017 illud
464 1983 534 2017 autem
548 1981 622 2017 nescio
636 1981 744 2025 quomodo
759 1981 850 2023 dicatur,
864 1981 944 2018 frustra

121 2053 189 2090 Deum
206 2053 311 2096 misereri,
328 2053 371 2090 nisi
386 2063 426 2090 nos
442 2052 540 2090 velimus.
558 2052 579 2090 Si
596 2053 654 2090 enim
670 2053 727 2090 Deus
743 2040 863 2097 miseretur,
880 2053 944 2090 etiam

121 2126 228 2169 volumus,
247 2126 274 2162 ad
291 2125 388 2162 eamdem
405 2125 486 2168 quippe
502 2125 675 2162 misericordiam
692 2127 786 2169 pertinet
803 2128 826 2162 ut
843 2126 943 2168 velimus;

121 2197 178 2234 Deus
193 2197 251 2233 enirn
266 2200 298 2234 est
312 2198 348 2241 qui
364 2200 466 2241 operatur
479 2197 502 2233 in
516 2196 579 2234 nobis
593 2200 614 2234 et
627 2197 682 2234 velle
697 2200 717 2234 et
731 2197 818 2241 operari
832 2207 872 2240 pro
887 2197 944 2235 bona

122 2270 237 2306 voluntate.
250 2268 304 2305 Nam
318 2270 336 2306 si
348 2279 483 2312 quaeramus,
496 2271 567 2305 utrum
580 2269 620 2305 Dei
635 2269 714 2306 donum
729 2270 756 2306 sit
770 2269 868 2306 voluntas
880 2269 944 2311 bona,

122 2343 200 2378 mirum
215 2342 233 2378 si
249 2351 326 2384 negare
341 2342 455 2385 quisquam
470 2341 598 2378 audeatsa.

168 2485 185 2504 ⁴4
198 2480 225 2512 De
240 2480 306 2512 anima
320 2480 352 2518 21;
367 2479 401 2512 ML
414 2478 431 2518 2,
445 2477 489 2517 685;
503 2477 521 2511 R
534 2477 574 2511 348.

150 2547 152 2552 ·
170 2543 186 2564 ⁴⁵
199 2538 263 2573 Matth
279 2540 295 2578 6,
309 2536 350 2572 10ss

168 2603 185 2624 4ss
199 2599 226 2633 De
240 2599 339 2633 dominica
352 2599 441 2632 oratione
457 2599 487 2637 14;
503 2598 537 2631 ML
551 2598 568 2637 4,
581 2598 624 2637 528;
640 2599 657 2631 R
671 2599 711 2632 558.

166 2663 185 2685 4⁷
198 2659 226 2692 De
241 2659 279 2692 div.
295 2661 370 2698 quaest.
387 2658 411 2691 ad
428 2657 578 2697 Simplicianum
595 2659 610 2696 l,
626 2658 643 2697 2,
659 2658 691 2696 12:
706 2658 740 2691 ML
754 2659 782 2697 lo,
797 2659 840 2697 118;
857 2660 873 2693 R
889 2659 943 2697 1572:

123 2720 146 2752 cf.
162 2719 213 2753 1573.
903 2736 904 2739 “
