1951 3093
367 45 475 82 „21-

12 189 88 228 11111ῑῆ
102 181 244 227 Augustinum
260 182 342 224 rogant,
354 183 378 217 ut
392 179 506 217 ulteriores
521 180 546 217 de
560 179 596 217 his
609 178 773 224 quaestiouibus
789 179 840 217 dare

11 258 62 297 velit
77 254 239 293 instructiones.
254 252 330 296 Magna
345 264 370 289 cx
385 254 447 295 parte
463 251 534 296 agitur
550 252 631 290 directe
648 252 675 289 de*
689 251 838 296 praedestina-

11 332 78 374 tione;
90 330 147 373 quae
157 325 294 370 gratuitatem
307 325 388 368 gratiae
399 324 525 362 immediate
536 327 641 368 spectant,
653 325 683 362 ita
695 324 790 368 Prosper
803 335 837 362 ex-

13 402 85 448 ponit:

67 473 179 517 «Quidam
192 482 243 509 vero
258 472 336 508 horum
351 471 373 508 in
389 472 472 508 tantum
487 482 498 508 a
513 470 634 515 pelagianis
649 469 731 509 semitis
747 480 791 507 non
806 469 841 509 de·

14 547 102 589 olinant,
116 548 140 583 ut
155 555 204 582 oum
220 544 248 581 ad
264 543 408 581 confitendam
425 555 470 581 eam
486 543 567 582 Christi
583 543 680 588 gratiam,
696 554 751 588 quae
767 542 841 581 omnia

14 618 139 665 praeveniat
154 617 232 654 merita
248 617 349 661 humana,
366 619 476 661 cogantur,
493 626 520 654 ne
538 617 556 654 si
573 616 657 654 meritis
674 615 780 661 redditur,
798 616 841 653 tru-

15 696 58 730 stra
72 690 143 735 gratia
156 689 290 734 nominetur3
307 689 335 726 ad
351 689 500 727 conditionem
516 690 573 727 hanc
588 687 656 726 velint
670 688 841 733 uniuscuiusque

14 763 108 803 hominis
122 763 238 806 pertinere,
252 762 275 798 in
289 773 391 806 quaeum
405 761 461 798 nihil
475 762 536 805 prius
550 764 674 805 merentem,
689 760 792 806 quianec
807 772 841 799 ex-

15 838 131 878 sistentem,
143 834 207 871 liberi
223 834 308 871 arbitrii
322 837 342 871 et
356 833 483 871 rationalem
496 834 565 878 gratia
580 833 688 871 Creatoris
701 832 806 877 instituat,
819 836 842 871 ut

14 911 53 953 per
67 906 222 945 discretionem
235 905 288 943 boni
304 909 324 943 91
339 906 397 949 mali,
414 909 434 943 91
449 905 476 943 ad
492 905 639 949 cognitionem
654 905 694 943 Dei
710 908 730 943 et
746 905 774 943 ad
790 909 838 943 obe·

16 980 119 1019 dientiam
133 979 285 1017 mandatorum
299 979 344 1016 eius
359 979 429 1022 possit
443 990 503 1016 suam
519 978 612 1023 dirigere
625 979 765 1023 voluntatem,
779 981 842 1023 atque

16 1053 42 1091 ad
58 1053 114 1089 hanc
128 1052 219 1095 gratiam
235 1052 314 1095 quain
331 1051 417 1090 Christo
432 1051 573 1095 renascimur,
589 1051 710 1095 pervenire,
726 1061 766 1094 per
782 1049 842 1088 natu-

17 1125 82 1163 ralem
98 1124 181 1161 scilicet
199 1124 329 1165 facultatem,
346 1122 447 1167 petendo,
464 1123 595 1168 quaerendo,
613 1124 731 1167 pulsando:
751 1125 775 1161 ut
792 1123 842 1161 ideo

17 1197 115 1241 accipiat,
126 1196 178 1249 ideo
190 1196 293 1239 inveniat,
305 1197 354 1233 ideo
368 1197 467 1241 introeat,
480 1196 531 1240 quia
544 1196 601 1234 hono
614 1198 703 1233 naturae
716 1195 771 1233 bene
784 1206 842 1239 usus,

17 1269 44 1307 ad
60 1269 123 1306 istam
139 1269 258 1305 salvantem
273 1268 370 1312 gratiam,
387 1267 478 1305 initialis
494 1268 575 1312 gratiae
592 1279 633 1312 ope
648 1268 752 1306 meruerit
768 1279 843 1312 perve-

17 1342 70 1378 nire.
84 1340 222 1385 Propositum
238 1344 307 1377 autem
322 1341 420 1378 vocantis
435 1340 516 1384 gratiae
531 1340 553 1377 111
569 1340 611 1378 hoc
625 1340 714 1378 omnino
731 1339 842 1384 definiunt,

17 1413 74 1457 quod
91 1413 147 1450 Deus
164 1412 301 1450 constituerit
318 1413 401 1449 nullum
419 1413 441 1448 in
460 1422 549 1456 regnum
566 1422 634 1455 suum,
651 1411 694 1449 nisi
712 1423 752 1456 per
769 1412 843 1450 Sacra·

18 1488 112 1522 mentum
127 1484 296 1528 regenerationis
313 1495 427 1527 assumere,
443 1488 463 1522 et
479 1484 562 1521 adhoc
579 1481 654 1521 salutis
671 1484 751 1522 donum
768 1494 843 1522 omnes

16 1557 114 1595 homines
132 1556 291 1600 universaliter,
308 1557 353 1595 sive
370 1568 409 1600 per
426 1557 553 1600 naturalem,
571 1556 617 1593 sive
634 1567 674 1600 per
692 1556 796 1600 scriptam
812 1556 841 1593 le-

17 1639 70 1673 gem,
88 1630 133 1667 sive
148 1641 188 1673 per
204 1629 350 1674 evangelicam
367 1629 553 1674 praedicationem
570 1629 655 1666 vocari:
676 1632 699 1666 ut
715 1633 735 1666 91
752 1629 790 1674 qui
807 1640 843 1667 vo-

18 1701 103 1745 lueriut,
117 1702 169 1740 fiant
182 1701 222 1739 11111
235 1702 281 1745 Dei,
297 1705 317 1739 91
330 1701 489 1739 inexcusabiles
505 1702 554 1745 sint,
568 1702 605 1746 qui
620 1700 694 1739 fideles
710 1713 756 1740 esse
771 1702 844 1740 nolue-

19 1774 71 1818 rint;
88 1774 138 1818 quia
154 1774 237 1812 iustitia
250 1774 290 1811 Dei
307 1775 369 1811 ineo
386 1774 419 1817 sit,
435 1777 458 1811 ut
473 1774 510 1818 qui
526 1784 570 1811 non
587 1772 727 1818 crediderint,
743 1775 843 1819 pereant;

18 1846 103 1883 bonitas
115 1847 138 1883 in
151 1858 176 1884 co
190 1849 300 1891 appareat,
314 1846 333 1883 si
346 1845 456 1884 neminem
470 1846 561 1889 repellat
573 1856 585 1882 a
599 1845 650 1890 vita,
664 1846 702 1883 sed
716 1845 844 1883 indifferen-

19 1921 50 1955 ter
60 1918 173 1957 universos
186 1919 238 1956 velit
250 1919 320 1956 salvos
333 1918 380 1956 fieri
393 1922 413 1956 et
425 1918 448 1954 in
461 1918 593 1961 agnitionem
606 1918 704 1956 veritatis
716 1917 844 1956 1911119116.

71 1991 138 2035 Rogat
150 2001 200 2036 ergo
213 1992 307 2035 Prosper
319 1991 471 2035 Augustinum:
488 1990 575 2034 «Unde,
589 1989 640 2035 quia
653 1991 676 2027 in
690 1990 738 2027 istis
751 1990 844 2035 pelagia-

17 2073 57 2100 nae
68 2064 182 2108 pravitatis
195 2063 294 2108 reliquiis
308 2074 351 2101 11011
366 2063 484 2101 mediocris
496 2063 625 2101 virulentiae
639 2059 693 2101 fibra
707 2063 808 2107 nutritur,
823 2063 841 2100 si

19 2129 152 2180 principium
168 2137 242 2174 salutis
256 2137 311 2174 male
326 2136 349 2172 in
364 2136 452 2173 homine
468 2136 596 2181 collocatum
613 2136 631 2173 si
647 2135 734 2173 divinae
747 2136 845 2173 volunta-

20 2208 35 2244 ti
49 2208 116 2253 impie
130 2210 228 2248 voluntas
243 2209 337 2246 humana
352 2208 480 2252 praefertur,
495 2212 518 2246 ut
531 2208 581 2245 ideo
596 2208 645 2253 quis
659 2207 779 2250 adiuvetur,
794 2207 844 2252 quia

20 2280 93 2325 voluit,
107 2292 150 2320 11011
164 2281 214 2319 ideo
229 2281 279 2325 quia
295 2276 414 2325 adiuvatur,
429 2281 490 2325 velit;
507 2281 525 2318 si
539 2279 675 2323 originaliter
688 2280 756 2317 malus
772 2290 844 2323 recep-

20 2346 101 2392 tionem
116 2355 169 2392 boni
186 2365 229 2392 non
246 2365 258 2391 a
275 2351 437 2397 summobono,
454 2353 492 2391 sed
509 2365 521 2390 a
537 2352 652 2396 semetipso
669 2352 774 2390 inchoare
789 2352 845 2389 male

21 2426 116 2464 creditur
131 2438 136 2469 ;
150 2427 168 2464 si
182 2427 269 2464 aliunde
280 2411 325 2464 Deo
338 2426 442 2469 placetur,
455 2425 536 2463 nisiex
548 2437 573 2463 eo
586 2425 645 2469 quod
657 2425 705 2468 ipse
718 2423 842 2462 donaverit:

22 2533 164 2543 »Q-

68 2612 85 2634 ²5
98 2609 187 2649 Prosper,
199 2609 251 2642 inter
261 2610 341 2648 August.
353 2609 409 2649 epist.
420 2610 464 2649 2253
477 2610 571 2650 Hilarius,
583 2610 623 2643 226.
635 2611 669 2643 ML
681 2611 709 2650 33,
721 2611 776 2649 1002;
790 2610 845 2649 1007;

22 2666 49 2707 ll,
63 2668 106 2709 947;
121 2670 161 2704 951.

69 2733 87 2756 ⁷⁸
99 2731 133 2764 ML
148 2731 177 2770 33,
193 2730 245 2764 1004.
