1952 3093
394 16 516 66 -1⁰1÷-

43 137 112 181 gratia
123 137 267 182 sanctificans,
278 138 336 175 unde
347 139 406 181 patet
417 148 453 175 eos
464 147 476 175 a
487 137 556 182 gratia
566 136 714 176 sanctificante
726 148 773 186 esse
783 138 870 175 realiter

44 210 165 248 distinctos.
178 209 251 247 Gratia
261 212 332 247 autem
345 210 483 247 sanctificans
495 213 516 247 et
528 209 607 247 caritas
620 211 684 248 simul
696 215 732 249 aut
743 210 822 248 adsunt
831 214 871 248 ⁴aut

43 281 130 326 absunt;
144 292 255 325 nunquam
267 283 297 319 ita
309 285 443 326 separantur,
454 284 478 319 nt
490 292 534 319 una
546 282 593 319 sine
605 282 743 330 alteraadsit
753 284 777 320 in
791 282 870 320 anima.

44 353 100 391 Hinc
110 354 158 392 iure
168 354 285 400 quaeritur,
296 357 368 392 utrum
379 354 448 399 gratia
459 353 597 392 sanctificans
609 357 629 393 et
639 354 718 392 caritas
728 355 772 392 sint
783 355 871 392 realiter

43 428 146 466 identica.
161 428 192 465 De
207 427 249 465 hac
264 439 287 466 re
302 428 358 465 inter
374 428 485 472 theologos
501 428 676 466 controvertitur.
690 428 786 480 Realem·
795 427 870 466 distin-

44 500 138 538 ctionem
152 504 231 544 negant
245 501 320 539 Scotus
336 504 357 539 et
370 501 481 547 Scotistae,
494 500 617 545 euraudus,
633 500 769 546 Catharinus,
784 501 870 545 Lalnez,

44 571 161 616 Salmerdn‚
178 573 317 616 Bellarmino,
333 574 428 618 Lessius3
446 584 493 611 eam
510 573 617 611 affirmant
634 585 653 622 s.>
667 574 768 618 Thomas,
786 574 870 618 Suam,

45 643 159 688 Gregorius
172 645 198 682 de
209 645 314 688 Valentia,
326 645 419 687 Tanner,
430 645 529 689 Ripalda,
542 649 615 690 estque
627 645 682 682 haec
693 646 799 683 sententia
812 656 871 695 nunc

41 717 130 755 omnino
141 718 283 755 communior.
296 717 374 756 Omnes
386 721 458 755 tamen
470 718 599 761 concedunt,
612 717 740 755 sententiam
752 728 812 756 suam
822 728 866 768 non

45 791 148 829 excedere
159 791 341 838 probabilitatem.

99 863 121 901 Si
130 864 199 907 gratia
210 866 230 902 et
241 865 320 901 caritas
330 864 426 902 identiea
438 867 494 908 sunt,
505 865 574 909 gratia
583 875 624 908 pro
636 865 761 910 immediato
773 864 870 902 subiecto

44 936 109 972 habet
121 936 259 978 voluntatem,
272 936 357 978 perlicit
368 945 418 979 ergo
429 936 555 973 immediate
568 937 706 980 voluntatem,
720 939 740 973 et
753 940 785 981 est
797 936 874 982 proin--v

46 1009 71 1045 de
87 1007 173 1046 habitus
190 1007 289 1052 proxime
306 1007 437 1052 operativus.
455 1007 495 1052 Qui
512 1010 583 1046 autem
600 1008 687 1046 realiter
705 1007 807 1056 distincta
825 1019 871 1046 esse

45 1081 134 1125 gratiam
148 1084 169 1118 et
180 1082 292 1132 caritatem
306 1082 387 1125 dicunt,
401 1082 550 1119 immediatum
563 1081 683 1119 subiectum
696 1081 777 1125 gratiae
790 1081 871 1119 habent

46 1154 115 1197 ipsam
125 1154 267 1192 substantiam
278 1154 369 1198 animae,
382 1157 402 1192 et
412 1155 481 1198 gratia
492 1164 536 1192 non
547 1157 578 1192 est
587 1155 674 1192 habitus
685 1153 810 1192 immediate
822 1165 871 1198 ope-

46 1225 134 1270 rativus,
145 1226 190 1269 sed,
200 1226 232 1263 uti
244 1226 288 1263 dici
300 1227 359 1270 solet,
371 1226 457 1264 habitus
470 1227 601 1270 entitativns‚
613 1227 647 1264 vel
657 1227 743 1263 habitus
756 1226 871 1273 substanti-

45 1308 90 1341 vus,
103 1297 228 1335 immediate
240 1297 355 1342 perficiens
368 1299 439 1341 ipsam
453 1298 595 1335 substantiam
608 1299 699 1341 animae,
713 1301 812 1335 naturam
827 1298 871 1335 ani-

46 1382 99 1408 mae.
116 1370 175 1408 Sicut
189 1370 212 1407 in
227 1370 305 1409 ordine
321 1370 426 1408 naturalis
442 1371 588 1414 generationis
606 1370 778 1408 communicatur
794 1373 871 1408 natura

43 1446 63 1480 et
71 1442 187 1487 potentiae,
195 1443 275 1487 quibus
284 1443 404 1480 subiectum
414 1446 488 1486 aptum
497 1443 530 1488 sit,
539 1443 617 1480 elicere
628 1446 688 1482 actus
697 1443 721 1479 in
730 1443 807 1480 ordine
817 1443 869 1481 huic

46 1519 135 1553 naturae
147 1516 338 1559 correspondente,
350 1517 380 1553 ita
390 1517 413 1552 in
426 1516 467 1553 hac
480 1517 592 1559 sententia,
604 1517 626 1552 in
640 1516 802 1560 regeneratione
815 1527 872 1553 com-

46 1587 169 1625 municatur
186 1591 269 1632 natura,
287 1588 336 1631 ipsa
352 1587 422 1631 gratia
439 1587 582 1632 sanctificans,
600 1591 620 1624 et
638 1587 747 1631 potentiae
766 1587 794 1625 ad
812 1590 872 1625 actus

46 1660 119 1698 ordini
134 1659 199 1698 huius
215 1670 284 1697 novae
300 1662 389 1697 naturae
407 1659 608 1704 correspondentes,
625 1659 715 1697 virtutes
731 1659 823 1697 infusae.
840 1658 872 1696 Ex

46 1743 87 1777 quo
103 1736 193 1776 apparet
209 1733 357 1777 quaestionem
373 1733 430 1770 hanc
445 1743 489 1770 non
506 1732 532 1770 ab
549 1733 577 1769 iis
593 1733 661 1769 solum
678 1732 731 1776 poni
747 1742 818 1780 posse,
835 1732 872 1776 qui

44 1799 152 1847 potentias
166 1806 251 1841 animae
265 1805 291 1841 ab
305 1806 350 1841 eius
366 1805 485 1841 substantia
498 1805 586 1842 realiter
600 1805 714 1841 distinctas
729 1815 775 1841 esse
788 1806 869 1848 tenent,

47 1876 83 1912 sed
95 1876 158 1913 etiam
171 1877 197 1913 ab
209 1877 242 1919 iis,
255 1877 291 1920 qui
303 1878 368 1913 talem
380 1874 543 1913 distinctionem
554 1879 663 1919 negarent.
675 1876 729 1913 Nam
742 1877 760 1912 si
771 1875 840 1920 gratia
853 1880 872 1912 et

47 1947 125 1985 caritas
136 1951 186 1985 sunt
194 1948 296 1991 identica‚
308 1949 399 1985 eandem
409 1948 567 1992 perfectionem
576 1948 660 1985 animae
671 1948 779 1993 tribuunt3
791 1947 810 1985 si
821 1959 872 1985 vero

47 2023 96 2057 111111
108 2021 195 2059 realiter
206 2021 314 2064 distincta,
326 2021 394 2065 gratia
407 2025 427 2058 et
438 2020 517 2058 caritas
530 2021 594 2058 aliam
606 2024 625 2058 et
638 2020 702 2057 aliam
714 2009 872 2064 perlectionem

47 2093 168 2131 sortierunt.

99 2164 199 2208 Quaestio
212 2166 284 2203 decidi
295 2167 369 2211 nequit
380 2178 406 2204 ex
418 2180 434 2205 s.
446 2168 558 2212 Scriptura
570 2179 639 2213 neque
651 2182 677 2207 ex
688 2171 788 2209 Patribus
801 2182 870 2217 neque

49 2247 72 2271 cx
83 2238 183 2274 conciliis
192 2243 216 2274 ’ῑ·-’.
227 2239 268 2275 Sed
279 2239 333 2276 ratio
344 2251 360 2276 s.
370 2240 464 2277 Thomae
473 2245 490 2266 ra
500 2242 628 2278 sententiam
640 2242 783 2281 affirmantem
794 2245 873 2282 realem

41 2331 42 2334 ,
46 2325 189 2334 ---—--.-

95 2381 112 2401 72
125 2377 236 2410 Concilium
247 2379 378 2411 tridentinum
389 2389 433 2412 cum
446 2380 545 2413 industria
556 2380 616 2414 verba
628 2391 664 2414 sua
675 2382 705 2416 ita
715 2383 779 2422 elegit,
791 2386 814 2416 ut
825 2394 873 2417 neu-

48 2436 72 2467 tri
88 2437 139 2476 parti
155 2439 239 2476 faveret;
255 2439 280 2471 cf.
295 2439 384 2476 Prnmbs
398 2440 433 2473 Die
449 2440 538 2480 Stellung
553 2441 585 2474 des
601 2442 691 2475 Trienter
706 2443 786 2477 Konzils
800 2454 830 2484 zu
841 2445 874 2478 der

48 2494 108 2536 Frage
119 2498 170 2531 nach
183 2499 226 2531 dem
236 2499 306 2532 Wesen
318 2500 351 2532 der
363 2499 545 2543 hciligmachenden
558 2502 630 2535 Gnade.
643 2503 694 2536 1909.
707 2489 829 2543 Argumenta
839 2515 873 2544 po-

48 2556 107 2590 sitiva
122 2569 173 2598 quae
189 2569 212 2592 ex
227 2561 312 2599 utraque
327 2563 383 2599 parte
400 2561 466 2594 afferri
482 2561 552 2602 solent,
569 2571 614 2595 cum
631 2563 793 2603 responsionibus
810 2566 873 2605 partis

49 2619 150 2656 oppositae
162 2620 207 2653 vide
219 2621 271 2660 apud
283 2621 350 2661 Pesch,
362 2631 392 2654 nr.
405 2622 439 2655 319
453 2632 478 2655 ss.

97 2683 114 2706 ⁷3
128 2680 143 2721 1,
158 2681 169 2713 2
184 2691 202 2720 q.
217 2680 250 2714 110
266 2692 282 2714 a.
296 2682 306 2715 3
321 2684 340 2715 et
354 2682 370 2715 4.
