1952 3093
389 44 511 109 4275,-

40 196 99 241 facin
112 204 170 231 nunc
181 193 304 231 accuratius
318 193 465 231 diciturillud
477 196 615 237 augmentum
627 193 709 237 gratiae
720 193 768 230 dari
780 193 863 236 praeci-

40 283 61 310 se
73 271 181 311 tamquam
194 277 277 303 merces
288 276 328 309 pro
340 265 397 303 hono
409 276 481 309 opere.
493 265 549 309 Ergo
562 265 619 303 hona
632 275 698 309 opera
710 264 762 303 iusti
773 275 817 303 non
831 275 863 301 so-

40 346 82 381 lum
97 351 120 377 se
133 338 214 375 habent
229 341 252 375 ut
268 337 390 381 dispositio,
406 348 447 381 qua
463 341 576 381 praesente
590 338 647 375 Deus
663 341 749 380 augeret
765 338 862 380 gratiam.

41 414 76 453 scd
89 413 138 448 sunt
152 410 264 447 meritoria
278 409 342 447 huius
357 409 472 455 augmenti,
487 409 517 467 ita
530 412 553 446 ut
567 412 704 453 augmentum
719 409 800 453 gratiae
814 419 864 445 vere

17 499 19 502 ·
40 485 115 524 lrabeat
128 482 234 520 rationem
249 482 341 526 praemii
356 492 396 525 pro
411 481 468 519 bono
484 492 555 524 opere.
569 481 625 518 Hinc
640 493 663 518 ea
678 492 733 526 quae
747 482 818 518 valent
834 492 864 517 re-

40 561 79 597 late
91 555 119 593 ad
130 554 302 598 dispositionem,
314 564 357 592 nou
368 565 392 592 eo
403 555 451 596 ipso
463 554 570 597 applicari
581 558 672 597 possunt
683 554 710 591 ad
720 558 863 598 augmentum,

40 629 96 676 quod
110 628 175 665 homo
190 627 231 665 sihi
246 626 372 671 promeruit.

91 699 180 736 «Vitam
198 702 313 742 aeternam,
331 698 386 736 vitae
404 702 503 736 aeternae
520 699 701 742 consecutionem,
718 699 799 743 gloriae
816 709 863 741 aug-

42 775 135 811 mentum
144 782 166 807 »:
181 771 229 807 Vita
241 773 334 815 aeterna,
346 770 444 814 quamvis
458 771 486 807 sit
499 770 574 813 gratia,
586 770 696 807 hereditas
707 770 747 807 filii
760 771 865 814 adoptivi,

42 844 114 882 eadem
129 845 200 879 tamen
215 842 280 879 etiam
295 845 326 878 est
339 852 422 878 merces
436 852 476 885 pro
491 852 556 885 opere
572 842 694 879 meritorio:
713 854 723 877 e<
732 842 799 886 Atque
814 842 864 878 ideo

41 918 93 955 bene
109 914 250 959 operantibus
264 925 331 959 usque
345 914 368 950 in
382 914 447 951 finem
454 916 482 940 ²¹³⁹
498 917 519 952 et
533 915 557 952 in
573 914 617 952 Deo
634 914 771 958 sperantibus
785 925 863 958 propo-

42 988 111 1026 nenda
126 990 158 1024 est
172 987 216 1024 vita
231 990 324 1030 aeterna,
340 990 360 1023 et
373 990 482 1031 tamquam
497 987 565 1030 gratia
579 986 630 1023 filiis
645 987 685 1024 Dei
700 998 740 1031 per
755 986 863 1024 Christum

42 1062 110 1099 Iesum
125 1059 297 1096 misericorditer
311 1059 424 1102 promissa,
440 1062 460 1095 et
476 1062 585 1103 tamquam
601 1070 683 1096 merces
698 1071 724 1095 ex
739 1059 809 1102 ipsius
824 1059 864 1095 Dei

42 1130 185 1176 promissione
204 1130 267 1167 bonis
286 1121 383 1173 ipsorum
401 1131 504 1173 operibus
522 1134 543 1168 et
560 1130 643 1167 meritis
662 1130 756 1167 fideliter
774 1131 864 1167 redden-

43 1205 129 1240 da»140.
143 1201 196 1239 Cum
209 1201 331 1245 praemium
344 1203 453 1244 augmenti
467 1202 547 1245 gratiae
560 1202 603 1238 iam
617 1202 640 1237 in
654 1201 696 1239 hac
710 1202 755 1239 vita
769 1202 864 1239 conferri

42 1274 115 1319 possit,
128 1274 249 1317 praemium
261 1273 318 1313 vitae
330 1277 429 1311 aeternae
442 1284 486 1312 non
500 1274 542 1311 nisi
555 1275 578 1310 in
591 1275 657 1312 altera
669 1273 713 1311 vita
727 1274 863 1315 conceditur;

42 1351 134 1385 meretur
145 1357 195 1392 crgo
206 1347 271 1385 homo
281 1347 348 1384 vitam
359 1350 467 1385 aeternam
480 1358 537 1385 «suo
550 1347 614 1385 etiam
625 1350 723 1392 tempore
735 1357 866 1392 consequen-

43 1422 89 1457 dam
98 1434 109 1456 »
117 1424 154 1465 141;
166 1420 268 1457 condicio
281 1420 338 1456 enim
352 1423 393 1456 est:
409 1420 447 1456 «si
459 1424 530 1457 tamen
542 1421 564 1456 in
577 1419 645 1463 gratia
658 1419 802 1457 decesserit».
813 1419 865 1457 Cum

43 1493 109 1529 iustus
121 1495 229 1528 mereatur
242 1491 352 1534 perbona
366 1501 433 1534 opera
445 1494 582 1534 augmentum
596 1491 683 1535 gratiae,
699 1495 720 1528 et
734 1502 784 1528 cum
797 1491 865 1535 gloria

43 1564 102 1600 detur
114 1563 232 1599 secundum
243 1562 334 1605 gradum
343 1562 424 1604 gratiae
435 1565 455 1598 et
465 1562 592 1606 sanctitatis,
604 1564 669 1606 patet,
681 1562 787 1605 perbona
799 1573 864 1606 opera

44 1633 118 1671 haberi
132 1634 196 1671 etiam
210 1634 310 1670 meritum
325 1633 433 1677 augmenti
446 1633 536 1679 gloriae3
550 1633 592 1670 hoc
607 1644 647 1678 per
660 1645 682 1671 se
697 1633 826 1677 intelligitur
841 1634 866 1671 de

44 1706 110 1750 gloria
126 1706 241 1749 essentiali,
256 1705 353 1751 quamvis
369 1705 450 1750 gloriae
465 1706 606 1743 accidentalis
622 1710 758 1750 augmentum
773 1717 816 1744 non
833 1717 866 1743 ex-

44 1779 147 1817 eludatur.

361 1923 412 1959 Doc.
427 1923 547 1960 Eccunsnur

96 2053 160 2092 Cone.
177 2064 275 2091 nniusro.
293 2065 340 2091 can.
359 2053 395 2091 18:
418 2054 506 2091 «Nullis
525 2055 608 2091 meritis
625 2055 716 2098 gratiam
735 2055 865 2098 praeveniri.

44 2125 136 2164 Debetur
147 2138 229 2164 merces
242 2126 306 2164 honis
319 2127 427 2171 operibus.
441 2127 461 2163 si
472 2126 533 2171 fiant;
547 2127 585 2164 sed
596 2127 664 2171 gratia
678 2138 732 2172 quae
746 2138 789 2164 non
804 2127 865 2165 debc-

44 2201 82 2241 tur,
100 2199 218 2242 praecedit,
235 2203 258 2236 ut
275 2198 389 2236 namsia.

96 2270 160 2308 Conc.
175 2280 326 2307 rnroarsrrnuru
341 2271 426 2314 saepius
441 2271 467 2308 de
482 2272 560 2307 merito
575 2271 679 2315 loquitur;
696 2276 782 2314 praeter
796 2275 865 2308 textus

44 2340 182 2385 principales,
195 2352 242 2384 cap.
255 2341 280 2378 16
293 2344 313 2378 et
326 2352 373 2378 carr.
385 2342 409 2378 32
422 2342 450 2378 cf.
464 2352 511 2378 can.
523 2342 545 2386 2;
559 2352 606 2379 can.
619 2341 644 2378 24
660 2342 725 2382 (bona
738 2354 803 2386 opera
818 2347 866 2379 sunt

44 2409 202 2451 iustificationis
217 2413 327 2457 augendae
342 2412 423 2457 causa);
439 2424 485 2450 can.
501 2412 532 2451 26.

90 2555 117 2577 1³⁹
130 2553 192 2585 Matth
205 2553 233 2592 10,
244 2554 272 2585 22.

90 2615 117 2637 140
131 2613 187 2645 Conc.
201 2613 247 2645 trid.
261 2622 301 2651 cap.
315 2614 346 2649 16;
361 2614 413 2645 Denz
428 2614 468 2645 809.

90 2675 117 2696 1⁴1
131 2672 187 2704 Cone.
199 2672 245 2705 trid.
256 2672 303 2704 ibid.

92 2734 120 2756 142
133 2731 185 2763 Dcnz
197 2732 237 2764 191.
