1952 3093
464 35 586 72 -284-

114 159 208 199 peccata,
219 165 288 199 neque
298 155 416 199 meritoria,
427 156 465 192 sed
475 156 541 192 relate
550 155 578 192 ad
587 154 655 192 vitam
664 158 773 192 aeternam
783 154 937 204 indifferentia,

114 227 146 264 illi
157 227 241 265 seilicet
251 230 317 271 actus,
327 227 364 271 qui
375 228 497 270 procedunt
507 227 595 272 quidem
607 239 632 266 ex
644 227 725 265 motivo
735 227 833 271 honesto,
846 227 937 267 sednon

114 310 153 342 per
161 299 305 336 intentionem
314 299 410 336 hominis
422 299 449 336 ad
459 299 523 336 finem
533 299 575 336 fide
586 299 702 343 cognitum,
711 299 785 342 Deum,
795 299 861 336 vitam
873 304 938 338 aeter-

114 381 170 414 nam,
182 370 318 409 ordinantur,

168 449 209 492 Qui
226 452 296 486 autem
313 449 373 487 illam
390 450 540 487 necessitatem
558 453 636 493 negant
654 448 739 487 dicunt:
759 448 853 494 Quilibet
871 450 938 488 iustus

115 521 179 559 hahet
189 521 260 564 fidem,
272 532 294 558 se
306 521 378 564 ipsum
390 522 416 559 ad
427 522 501 565 Deum,
514 521 541 559 ad
552 522 617 558 finem
629 522 821 565 supernaturalem,
834 521 861 558 ad
872 522 937 560 vitam

115 596 224 631 aeternam
240 593 360 639 ordinavit;
377 604 416 637 per
431 594 517 631 habitus
534 594 709 638 supernaturales
724 596 796 637 potest
812 596 871 631 actus
887 598 938 631 enti-

115 666 181 702 tative
199 666 373 709 supernaturales
390 676 477 709 ponere.
495 665 516 704 Si
534 676 593 703 nuuc
611 677 636 703 ex
654 666 725 710 aliquo
743 666 824 703 motivo
842 666 938 706 honesto.

116 747 158 774 non
173 737 272 781 praecise
285 737 327 775 fide
342 739 435 782 cognito,
451 738 510 776 elicit
523 740 593 775 aetum
607 738 719 775 moraliter
732 738 820 780 bonurn,
836 738 882 781 ipse
897 749 939 775 ma·

117 812 152 846 net
162 809 184 846 in
196 820 234 848 sua
246 809 385 848 ordinatione
397 814 417 847 et
429 810 539 847 tendentia
550 810 578 847 ad
590 821 651 847 suum
662 810 733 853 finem,
745 813 765 847 et
775 822 800 848 eo
811 810 859 854 ipso
872 809 894 846 in
905 810 939 848 via

117 881 212 919 adhunc
222 881 287 919 finem
299 882 405 927 procedit,
418 883 469 926 quin
483 882 629 920 necessarium
641 881 674 926 sit,
686 885 757 919 actum
770 882 859 926 speciali
872 882 940 919 inten-

117 953 175 991 tione
190 953 213 990 in
229 954 298 990 Deum
312 954 346 990 vel
360 955 520 991 assecutionem
535 954 592 991 vitae
607 957 706 991 aeternae
721 954 830 991 ordinare.
847 954 939 997 Quilibet

117 1025 174 1061 enim
185 1024 235 1062 finis
245 1025 349 1063 honestus
361 1026 387 1062 de
398 1027 456 1063 facto
467 1029 498 1062 est
509 1026 621 1063 ordinatus
631 1026 658 1062 ad
668 1025 733 1062 finem
745 1036 868 1069 supremum
879 1026 940 1070 eique

116 1097 279 1140 subordinatus;
293 1098 358 1135 homo
372 1101 442 1135 autem
454 1107 518 1142 agens
530 1098 598 1135 Deum
610 1098 674 1135 finem
687 1108 748 1135 suum
761 1097 860 1135 ultimum
873 1097 941 1141 elegit,

117 1170 203 1214 quando
215 1169 285 1207 iactus
297 1172 329 1207 est
339 1169 410 1207 fidelis
420 1172 442 1206 et
454 1170 587 1213 iustificatus‚
600 1170 663 1208 etsie
677 1170 741 1207 etiam
754 1170 837 1207 ratione
849 1169 939 1207 subiecti

118 1245 177 1279 actus
193 1242 254 1279 illum
271 1241 370 1279 ordinem
387 1242 415 1279 ad
430 1241 504 1286 Deum,
521 1242 548 1278 ad
565 1242 631 1279 vitam
646 1245 754 1280 aeternam
771 1241 842 1283 habet,
857 1242 894 1285 qui,
911 1252 941 1278 re-

118 1313 218 1358 quiritur.

171 1390 201 1427 De
211 1391 284 1428 haere
294 1391 400 1434 plurimae
410 1394 460 1428 sunt
471 1391 637 1436 disputationes3
649 1392 720 1435 Lange
727 1395 755 1416 1⁷⁸
766 1391 871 1435 optimum
883 1390 941 1428 exhi-

119 1462 154 1500 het
172 1465 312 1506 conspectum
330 1463 474 1500 recentiorum
492 1464 695 1507 controuersiarum,
714 1468 734 1501 et
752 1463 839 1500 tandem
857 1463 942 1500 conclu·

119 1535 151 1572 dit
158 1538 185 1559 1⁷⁷
191 1546 196 1572 ε
211 1546 222 1570 <<
231 1534 339 1573 Historice
351 1537 372 1572 et
382 1535 514 1579 speculative
526 1539 598 1572 nostra
611 1535 707 1580 quaestio
719 1535 833 1572 difficulter
845 1535 941 1572 solvitur.

119 1604 273 1643 Necessitatem
285 1607 378 1644 alicuius
392 1606 469 1644 motivi
481 1606 532 1644 fidei
545 1607 643 1651 plerique
656 1607 751 1651 theologi
765 1607 877 1645 affirmant.
891 1606 942 1643 Mul-

120 1681 140 1715 ta
154 1689 238 1722 quoque
253 1678 340 1715 Patrum
355 1679 478 1723 testimonia
493 1677 516 1716 id
530 1677 640 1722 postulare
655 1679 763 1716 uidentur.
779 1678 820 1716 Sed
837 1678 941 1721 disputari

119 1753 195 1793 potest,
207 1750 294 1794 quando
306 1750 360 1788 fides
372 1750 395 1787 in
407 1761 472 1794 opera
485 1751 537 1788 satis
549 1750 624 1788 intluat
632 1763 650 1788 >>.

174 1828 272 1865 Ceterum
289 1828 353 1865 etiam
369 1828 444 1872 quaeri
460 1830 536 1871 potest,
552 1832 624 1865 utrum
639 1829 764 1872 sententiae,
780 1828 831 1865 licet
848 1829 942 1871 specula·

120 1900 169 1941 tive,
185 1899 208 1936 id
224 1903 256 1937 est
271 1899 293 1936 in
311 1900 357 1943 ipsa
374 1899 526 1943 explicatione,
544 1899 652 1942 differant,
669 1900 757 1937 realiter
773 1900 827 1937 adeo
846 1900 943 1937 diversae

121 1971 171 2008 sint.
186 1971 240 2008 Nam
255 1971 288 2008 illi
304 1982 395 2016 quoque,
411 1970 449 2015 qui
464 1971 613 2009 necessitatem
631 1971 719 2009 «honae
736 1972 883 2009 intentionis»
901 1972 943 2009 exi-

121 2045 178 2087 gunt,
193 2044 321 2087 concedunt,
335 2055 381 2080 earn
394 2054 438 2080 non
454 2043 531 2080 debere
546 2055 591 2080 esse
605 2044 710 2081 actualem
725 2047 745 2082 et
759 2043 890 2088 explicitam,
906 2044 942 2080 sed

121 2114 217 2152 sufficere
234 2115 347 2152 virtualem
366 2118 386 2152 et
402 2115 538 2158 implicitam.
555 2115 578 2152 E.
594 2124 613 2159 g.
630 2115 699 2153 Peseh
715 2116 746 2153 ita
763 2115 839 2153 scribit
847 2119 874 2140 ¹⁷⁸
893 2114 942 2151 «Ex

122 2186 185 2223 dictis
197 2187 335 2224 manifestum
346 2189 384 2230 est,
396 2187 504 2231 quomodo
517 2187 544 2223 ad
555 2187 639 2230 singula
650 2198 716 2231 opera
729 2187 831 2224 salutaria
842 2187 896 2225 fides
908 2197 943 2224 ne-

122 2259 214 2295 cessaria
229 2259 263 2302 sit,
277 2259 385 2303 quomodo
400 2258 491 2296 nonsit.
505 2258 571 2300 Fides
583 2260 641 2296 enim
656 2259 683 2297 ad
696 2259 738 2297 hoc
751 2259 860 2303 imprimis
874 2258 943 2304 requi-

122 2330 182 2373 ritur,
199 2332 222 2367 ut
239 2330 303 2368 homo
321 2331 390 2373 possit
408 2329 488 2367 habere
505 2330 647 2368 intentionem
666 2331 715 2367 finis
734 2332 905 2374 supernaturalis
924 2334 943 2367 et

122 2413 196 2439 versus
211 2413 259 2439 eum
272 2405 389 2439 moveatur.
404 2401 460 2445 Ergo
475 2402 498 2437 in
512 2402 602 2445 singulis
617 2403 719 2445 operibus
734 2405 821 2440 eatenus
834 2402 887 2440 fides
902 2402 944 2440 effi-

171 2579 197 2601 1'16
210 2576 237 2608 De
251 2576 314 2614 gratia
326 2561 359 2608 nr.¹
369 2575 408 2607 725.

171 2641 197 2662 ¹⁷⁷
212 2636 240 2669 lb.
252 2647 271 2668 n.
286 2636 325 2669 726.

171 2700 198 2722 ηε
211 2697 354 2730 Praelectiones
367 2696 494 2735 dogmaticae,
506 2697 522 2734 5,
534 2696 568 2729 408
578 2706 603 2729 ss.
