1952 3093
410 100 518 138 -97..

51 220 146 267 (πνεῦμα),
166 230 256 264 eamque
273 219 387 264 distinguit
402 220 428 257 ab
445 221 493 264 ipso
509 220 592 264 Spiritu
608 220 693 264 Sancto,
709 221 771 259 Rom.
788 221 807 264 8,
823 220 880 258 16⁵⁶.

50 291 97 329 Huc
109 302 195 337 quoque
209 291 287 330 reterri
300 294 372 336 potest
384 291 433 336 Eph
447 292 465 338 1,
480 292 516 330 13:
534 292 576 329 «in
590 303 633 337 quo
646 296 666 331 et
679 293 792 331 credentes
806 275 888 337 signa-x

50 365 67 402 ti
82 365 133 403 estis
148 364 231 410 Spiritu
245 364 399 410 promissionis
413 367 518 411 sanct0,»;
532 364 580 409 Eph
596 365 614 411 4,
629 366 665 404 3οι
683 365 729 405 «Et
743 366 810 405 nolite
826 376 877 404 con·

54 437 139 476 tristare
149 438 253 483 Spiritum
265 441 363 476 sanctum
374 438 424 476 Dei:
438 439 461 476 in
472 449 514 483 quo
524 438 603 482 signati
615 438 666 477 estis
677 440 700 476 in
713 439 770 477 diem
781 439 880 484 redemp-

52 510 119 548 tionis
127 522 145 547 a.

423 692 505 731 Parnes

106 834 126 874 S.
138 835 256 873 marmus:
272 835 317 873 «Et
330 846 403 873 rursus
414 836 452 881 qui
464 835 596 873 infructuosi
608 839 681 874 sunta
693 836 776 874 iustitia
789 839 809 875 et
821 837 879 874 velut

52 908 149 947 sentibus
161 908 257 947 obvoluti
269 909 375 954 homines,
387 909 406 946 si
417 909 553 953 diligentiam
565 908 695 954 percipiant,
708 911 729 948 et
741 909 799 947 velut
811 909 879 947 inser·

52 983 133 1019 tionem
148 982 281 1026 accipientes
296 982 386 1020 verbum
399 982 445 1028 Dei,
459 983 482 1019 in
496 982 612 1034 pristinam
627 982 717 1020 veniunt
731 982 828 1020 hominis
843 994 879 1020 na·

52 1058 128 1097 turam,
146 1065 193 1091 eam
208 1064 262 1099 quae
280 1055 400 1091 secundum
417 1055 533 1098 imaginem
550 1059 571 1092 et
588 1055 754 1092 similitudinem
772 1055 830 1092 facta
847 1059 879 1092 est

51 1126 98 1165 Dei.
112 1126 154 1165 Sed
168 1126 351 1172 quemadmodum
366 1127 456 1164 oleaster
471 1127 553 1164 inserta
566 1126 709 1164 substantiam
722 1126 811 1171 quidem
824 1127 878 1170 ligni

52 1211 96 1238 non
109 1200 194 1246 amittit,
206 1200 331 1246 qualitatem
344 1203 414 1238 autem
427 1200 510 1238 tructus
521 1200 621 1238 immutat
632 1203 653 1238 et
664 1199 723 1238 aliud
735 1199 831 1245 percipit
843 1211 878 1238 vo-

53 1273 158 1318 cabulum,
172 1273 216 1310 iam
230 1284 274 1311 non
289 1274 386 1317 oleaster,
400 1274 437 1311 sed
452 1273 566 1311 fructifera
580 1273 637 1311 oliva
651 1273 756 1311 exsistens
771 1272 875 1311 edicitur:

53 1345 84 1381 sic
97 1349 118 1382 et
129 1346 195 1382 homo
206 1356 246 1389 per
258 1345 323 1382 fidem
336 1346 430 1382 insertus
444 1350 465 1383 et
478 1355 589 1382 assumens
603 1344 709 1388 Spiritum
721 1345 768 1389 Dei,
781 1344 878 1382 substan-

53 1418 104 1454 tiam
117 1417 205 1463 quidem
219 1416 291 1454 carnis
306 1427 350 1455 non
365 1416 451 1463 amittit,
465 1416 590 1462 qualitatem
605 1419 676 1454 autem
691 1417 774 1454 tructus
788 1422 881 1460 operum·

53 1491 152 1529 immutat
163 1494 184 1529 et
195 1490 255 1529 aliud
265 1490 346 1535 accipit
357 1490 493 1534 vocabulum,
505 1489 630 1534 significans
642 1501 689 1528 eam
699 1500 754 1535 quae
765 1489 789 1526 in
801 1489 878 1527 melius

52 1566 84 1600 est
97 1564 309 1608 transmutationem;
324 1563 367 1600 iam
382 1574 426 1600 non
441 1573 491 1601 caro
505 1566 525 1600 et
539 1563 633 1607 sanguis
647 1563 685 1600 sed
697 1563 762 1600 homo
778 1562 878 1606 spiritua-

52 1635 79 1671 lis
96 1635 202 1672 exsistens
219 1635 351 1672 dicitur»⁵⁷.
369 1635 487 1673 Omoemus:
508 1635 569 1671 «Sed
585 1637 669 1672 etcum
687 1635 713 1672 de
730 1634 812 1678 Spiritu
828 1634 878 1671 San·

53 1709 87 1745 cto
105 1706 167 1745 multi
185 1707 255 1744 sancti
272 1706 412 1751 participant,
430 1716 473 1744 non
492 1705 566 1751 utique
584 1716 664 1750 corpus
682 1704 765 1750 aliquid
781 1705 878 1749 intellegi

52 1783 123 1823 potest
137 1779 231 1824 Spiritus
246 1779 343 1824 Sanctus,
357 1779 416 1825 quod
433 1779 526 1817 divisum
542 1781 565 1816 in
581 1781 654 1823 partes
670 1779 795 1823 corporales
809 1777 879 1823 perci·

52 1851 98 1894 piat
113 1852 261 1897 unusquisque
279 1854 410 1895 sanctorum,v
425 1852 464 1890 sed
479 1852 548 1890 virtus
564 1851 663 1896 profecto
681 1850 819 1889 sanctificans
837 1854 877 1895 est;

53 1924 114 1960 cuius
132 1923 274 1967 participium
290 1923 370 1961 habere
390 1923 492 1961 dicuntur
510 1933 591 1967 omnes,
610 1924 647 1968 qui
664 1927 704 1967 per
722 1922 768 1961 eius
787 1922 878 1967 gratiam

53 1994 184 2033 sanctificari
196 1998 321 2033 meruerunt
329 2008 340 2032 »
349 1998 373 2033 ⁵⁸.
385 1994 405 2033 S.
419 1993 554 2034 Crrurauus:
571 1994 641 2032 «Eme
653 1993 695 2032 tibi
708 1994 779 2032 albam
791 1996 878 2037 vestem,

53 2071 81 2112 ut,
92 2069 129 2114 qui
140 2069 259 2107 secundum
270 2069 339 2107 Adam
350 2068 421 2107 nudus
433 2068 505 2106 fueras
516 2072 536 2106 et
545 2068 649 2106 horrebas
661 2070 711 2106 ante
723 2066 835 2111 deformis,
846 2067 878 2104 in-

54 2140 155 2178 dumento
170 2140 249 2179 Christi
263 2141 358 2179 candido
372 2141 472 2179 vestiaris
481 2154 491 2177 »
500 2145 524 2178 ⁵⁹.
539 2141 559 2179 S.
573 2141 713 2178 Amnnosrus:
730 2140 833 2184 «Signati
848 2150 878 2176 er-

100 2276 119 2299 56
132 2272 184 2314 Prat,
198 2273 226 2306 La
237 2272 343 2313 theologie
357 2274 380 2307 de
395 2273 448 2308 saint
462 2274 512 2307 Paul
526 2275 543 2313 2,
556 2274 579 2307 84
594 2285 619 2308 s:
635 2275 722 2315 «Qnand
737 2276 818 2315 l'Esprit
833 2278 879 2310 rend

54 2334 177 2374 temoignage
192 2334 203 2368 a
218 2337 275 2368 notre
290 2334 357 2375 esprit,
372 2334 428 2368 nulle
443 2335 554 2376 equivoque
569 2335 619 2370 n’est
634 2336 732 2376 possible:
750 2337 831 2378 l’Esprit
846 2339 879 2377 qui

54 2394 152 2434 temoigne
166 2395 221 2429 etant
236 2396 377 2429 certainement
391 2396 471 2436 l’Esprit
485 2397 508 2430 de
523 2397 578 2436 nien,
593 2397 670 2437 l'esprit
683 2408 707 2431 en
723 2399 793 2432 favenr
807 2400 879 2439 duquel

54 2453 69 2485 il
81 2454 152 2494 depose
164 2466 188 2488 ne
200 2458 247 2495 peut
259 2456 300 2489 etre
312 2466 350 2495 que
362 2466 383 2489 ce
395 2466 441 2490 sens
451 2466 543 2491 nouveau
554 2458 635 2497 produit
646 2468 670 2491 en
682 2469 733 2493 nous
746 2469 782 2499 par
794 2459 880 2500 l’Esprit,

55 2517 73 2546 et
89 2514 170 2554 capable
187 2515 210 2548 de
225 2516 325 2555 percevoir
341 2516 370 2550 les
385 2517 454 2550 choses
471 2517 556 2556 divines;
575 2528 608 2551 car
623 2518 775 2552 I'entendement
791 2521 851 2553 laisse
869 2523 879 2553 a

55 2571 156 2609 lui-meme
169 2585 194 2609 ne
207 2576 247 2609 sait
258 2576 301 2609 rien
314 2577 337 2610 de
349 2580 406 2610 notre
419 2576 505 2610 filiation
518 2577 633 2617 adoptive».

102 2640 118 2663 ⁵⁷
132 2636 229 2671 Adversus
243 2637 296 2671 haer.
312 2639 328 2677 5,
342 2637 371 2678 10,
385 2638 394 2671 1
410 2649 434 2678 s.;
449 2638 484 2672 MG
499 2637 515 2679 i,
531 2638 586 2679 1184;
602 2639 619 2673 R
634 2639 674 2674 253.

101 2701 119 2725 ⁵⁸
131 2699 159 2731 De
170 2699 281 2739 principiis,
292 2700 309 2739 1,
321 2699 338 2739 1,
348 2699 368 2739 3;
382 2699 417 2733 MG
430 2700 458 2740 11,
470 2700 513 2739 1223
525 2700 542 2734 R
554 2700 595 2734 449.

102 2761 119 2784 ⁵⁹
132 2759 159 2791 De
173 2769 231 2798 opere
245 2762 264 2792 et
278 2759 452 2799 eleemosynis14;
467 2761 501 2793 lttL
514 2760 530 2800 4,
544 2761 587 2800 612;
603 2761 620 2794 R
633 2762 673 2794 564.

101 2889 195 2924 Lusum.
207 2908 231 2914 —
244 2890 271 2924 De
283 2890 352 2925 Gratia
364 2890 507 2931 Redemptoris.
