1952 3093
493 62 615 100 -160-

139 181 190 219 lidei
202 181 289 219 realiter
300 181 358 218 idem
371 184 403 218 est
413 181 472 226 quod
485 180 573 217 initium
586 180 746 224 conversionis;
759 179 911 223 complectitur
923 184 966 225 pri·

141 265 199 291 mum
215 254 348 291 desiderium
364 254 439 290 salutis
454 264 503 290 cum
520 253 644 297 cognitione
660 252 807 297 antecedente,
823 252 917 296 primam
931 253 967 293 bo·

141 338 191 363 nam
207 327 338 363 voluntatem
354 325 449 364 hominis
465 326 488 362 in
505 326 582 363 ordine
599 326 626 362 ad
642 325 738 368 salutem,
755 325 816 368 pium
832 325 967 365 credulitatis

141 400 250 442 att'ectum,
264 398 440 442 implorationem
456 398 526 435 divini
539 398 622 435 auxilii.
636 397 692 440 Ergo
708 398 736 435 ad
747 397 788 434 hos
802 408 887 442 quoque
901 401 967 443 actus,

141 471 219 515 quibus
231 471 297 508 motio
310 471 337 508 ad
350 471 440 508 salutem
453 470 539 514 incipit,
552 470 621 513 gratia
633 472 664 507 est
677 469 809 516 necessaria3
823 470 895 507 nullus
908 474 967 509 actus

141 542 256 587 excipitur.

197 620 307 658 «Gratia»
325 624 356 658 est
374 621 506 658 necessaria:
528 619 622 658 Gratiam
639 620 780 664 intelligimus
798 620 915 664 gratuitum
933 621 968 659 do·

142 704 200 738 num,
212 694 317 730 auxilium
329 693 376 731 Dei.
388 693 498 731 Auxilium
511 693 566 730 illud
577 703 652 730 revera
663 703 709 730 esse
722 693 839 737 gratuitum
852 693 898 730 sive
909 693 968 731 intc-

142 766 211 803 bitum
227 766 317 810 proprie
333 766 454 804 ostenditur
471 766 526 803 thesi
543 766 564 811 8;
582 775 660 809 magna
677 777 702 803 ex
718 768 780 810 parte
796 770 867 803 tamen
885 765 928 803 ¹iam
945 767 968 803 in

142 839 251 882 praesenti
264 839 320 876 thesi
332 839 462 882 continetur,
475 841 580 883 quatenus
593 839 639 876 sine
650 839 719 883 gratia
730 849 799 883 neque
813 837 928 882 dispositio
941 839 968 876 ad

142 912 233 954 gratiam
246 922 315 956 neque
328 911 428 949 meritum
442 912 523 955 gratiae
537 910 635 948 habetur.
650 909 703 949 Cum
716 911 758 948 hoc
772 911 876 948 auxilium
891 911 919 948 ad
933 912 968 948 eli-

143 984 232 1021 ciendos
242 984 291 1021 illos
303 987 362 1020 actus
374 984 441 1026 detur,
451 995 490 1027 per
501 994 576 1021 senon
588 983 650 1020 debet
661 994 707 1020 esse
718 983 823 1020 auxilium
832 994 968 1027 permanens,

143 1056 168 1092 ln
182 1059 274 1092 tractatu
290 1056 316 1092 de
332 1056 473 1092 virtutibus⁵⁶
489 1054 611 1093 ostenditur
625 1055 761 1099 probabilius
776 1056 863 1092 habitus
878 1065 922 1092 non
939 1056 969 1091 in·

144 1128 207 1164 tundi
225 1130 273 1164 ante
292 1128 386 1170 primam
405 1127 589 1170 iustificationem;
610 1130 766 1171 consequenter
784 1136 834 1170 ergo
853 1127 969 1164 dicendum

144 1202 181 1242 est,
199 1199 303 1235 auxilium
322 1199 381 1243 quod
399 1202 448 1235 ante
467 1200 560 1242 primam
577 1198 753 1236 iustificationem
773 1199 841 1243 datur,
860 1209 904 1237 non
923 1209 969 1236 esse

145 1271 225 1308 donum
240 1271 356 1315 habituale,
372 1271 410 1308 sed
425 1271 540 1315 transiens,
556 1272 645 1309 actuale.
661 1270 778 1315 Propterea
794 1274 884 1308 vocatur
899 1271 921 1307 in
940 1272 969 1308 di-

145 1343 261 1381 stinctione
279 1355 291 1380 a
308 1344 370 1381 donis
387 1343 534 1382 habitualibus
550 1343 619 1388 gratia
637 1344 733 1381 actualis.
751 1343 821 1381 Homo
840 1347 916 1387 autem,
933 1343 969 1388 qui

143 1420 192 1459 post
206 1416 300 1459 primam
314 1416 489 1454 iustificationem
504 1416 609 1461 peccavit,
623 1420 694 1460 potest
709 1417 802 1454 retinere
817 1416 904 1454 habitus
919 1415 967 1453 fide?

144 1492 164 1525 et
176 1489 222 1532 spei
231 1492 254 1532 ³⁷,
269 1492 289 1526 et
301 1500 340 1532 per
354 1500 375 1526 se
388 1489 460 1526 verbis
474 1490 541 1526 thesis
554 1488 651 1526 sufficere
664 1492 743 1533 posset,
757 1490 776 1525 si
788 1489 869 1526 auxilio
883 1489 969 1525 illorum

143 1560 256 1598 habituum
278 1561 366 1598 eliceret
389 1564 448 1598 actus
470 1562 497 1598 ad
518 1562 603 1598 tertiam
625 1561 799 1598 tristificationem
823 1561 969 1605 disponentes.

146 1633 220 1670 Utrum
243 1637 263 1670 et
284 1644 395 1676 quousque
415 1633 444 1670 ad
464 1644 526 1670 usum
548 1634 634 1671 illorum
656 1634 769 1670 habituum
791 1634 881 1670 actualis
903 1634 971 1676 gratia

145 1706 267 1741 necessaria
283 1705 316 1747 sit,
331 1706 388 1741 inter
403 1706 514 1748 theologos
531 1706 658 1748 disputatur,
673 1717 714 1748 qua
731 1706 756 1742 de
773 1716 795 1742 re
811 1716 881 1742 sermo
896 1708 969 1747 postea

145 1776 243 1813 recurrit.

198 1847 304 1885 «Interna
317 1848 385 1891 gratia
394 1860 416 1885 »2
433 1848 455 1885 id
469 1852 501 1885 est
514 1859 568 1892 quae
582 1852 613 1885 est
626 1849 648 1885 in
661 1849 709 1892 ipsa
723 1848 801 1893 anima,
815 1849 848 1885 vel
862 1848 934 1892 potius
947 1849 969 1884 in

146 1920 191 1957 eius
207 1920 346 1958 facultatibus
363 1920 519 1964 superioribus,
536 1921 646 1959 intellectu
662 1924 682 1958 et
699 1922 814 1959 voluntate.
829 1921 923 1959 Vocatur
940 1921 971 1957 in-

146 1996 207 2031 terna
222 1993 244 2029 in
260 1994 398 2037 oppositione
414 1993 441 2031 ad
456 1993 536 2037 gratias
553 1997 659 2038 externas,
673 1994 704 2031 uti
721 1998 770 2031 sunt
786 1995 833 2038 ipsa
849 1994 971 2031 incarnatio

145 2065 216 2109 Verbi,
236 2066 346 2110 revelatio,
364 2066 506 2111 praedicatio,
526 2067 624 2109 ecclesia,
645 2070 785 2109 sacramenta,
806 2067 904 2110 exempla
925 2077 971 2103 san-

146 2141 229 2175 ctornm
246 2142 286 2175 etc.

201 2210 322 2247 «Absolute
336 2211 489 2248 necessai·ia»:
507 2211 530 2247 id
544 2214 575 2248 est
590 2212 613 2246 in
628 2211 737 2254 praesenti
752 2212 829 2248 ordine
843 2211 915 2248 nullus
929 2222 971 2248 om-

147 2282 199 2319 nino
212 2285 283 2324 potest
296 2294 341 2319 esse
354 2286 414 2319 actus
427 2282 533 2326 salutaris,
545 2286 605 2320 actus
619 2284 646 2320 ad
658 2283 833 2321 iustificationem
847 2284 971 2327 disponens,

146 2353 192 2390 sine
209 2353 284 2396 gratia.
299 2354 360 2391 Vires
374 2354 471 2392 hominis
487 2355 534 2391 sine
548 2355 616 2398 gratia
632 2366 676 2393 non
693 2354 810 2401 sufficiunt;
827 2366 867 2398 per
881 2355 971 2398 gratiam

147 2425 179 2460 illi
195 2429 254 2462 actus
269 2426 340 2468 primo
355 2425 409 2462 fiunt
424 2426 509 2463 homini
523 2426 649 2469 possibiles:
667 2427 736 2469 gratia
751 2437 795 2463 non
811 2427 930 2470 requiritur
945 2426 972 2463 nd

147 2496 233 2532 facilius
247 2507 317 2539 posse,
330 2497 368 2534 sed
382 2498 409 2534 ad
423 2497 553 2540 simpliciter
566 2508 636 2541 posse.
651 2497 764 2541 Quaeritur
778 2502 847 2536 autem
862 2498 931 2536 solum
946 2499 972 2535 de

195 2674 211 2693 ⁵¹³
226 2669 257 2699 Nr.
270 2668 304 2700 604
317 2678 342 2699 ss.

195 2733 211 2754 -ῑῑ
226 2729 252 2760 Dc
266 2729 373 2760 virtutibus
386 2728 500 2766 theologicis
515 2738 543 2760 nr.
556 2730 588 2761 650
601 2739 635 2767 ss.;
650 2729 683 2761 658
697 2739 722 2762 ss.
