1952 3093
340 609 429 704 anns
447 647 599 710 Qunam

138 815 190 869 DE
219 814 380 871 NATURA
410 813 585 869 <tantine
613 813 806 869 ACTUAUS

111 1096 142 1132 Ex
156 1096 184 1133 iis
198 1106 253 1140 quae
266 1096 378 1140 hucusque
393 1095 491 1139 exposita
506 1098 556 1132 sunt
569 1098 654 1133 constat
668 1105 714 1132 esse
729 1094 815 1139 gratias,
830 1105 884 1139 quae

58 1167 142 1205 homini
160 1167 184 1204 in
202 1167 355 1205 iustificatione
373 1167 520 1204 intunduntur
538 1170 558 1206 et
576 1167 599 1204 in
619 1178 644 1204 eo
663 1169 798 1211 permanent,
815 1156 884 1211 §ralia

58 1239 195 1294 sanctificans
209 1242 229 1277 et
241 1239 331 1277 virtutes
344 1239 438 1283 infusae3
451 1242 564 1283 praeterea
577 1239 619 1277 alia
633 1239 714 1276 auxilia
727 1239 815 1283 gratiae,
829 1249 884 1283 quae

56 1311 140 1349 homini
150 1302 212 1356 lapso
223 1311 373 1349 conceduntur
383 1311 410 1349 ad
422 1311 555 1355 superandas
567 1310 703 1348 difficultates
715 1314 736 1348 et
746 1310 883 1354 tentationes,

57 1386 79 1421 ut
88 1384 158 1428 possit
166 1383 234 1421 vitare
244 1386 364 1428 peccatum,
373 1393 428 1428 quae
436 1383 547 1427 peccatori
558 1383 643 1427 dantur,
652 1385 676 1420 ut
684 1366 754 1427 possit
764 1383 813 1421 illos
824 1386 884 1420 actus

57 1465 144 1499 ponere,
157 1455 235 1499 quibus
247 1456 276 1507 ad
289 1454 464 1493 iustificationem
475 1455 569 1499 positive
583 1455 713 1499 disponitur.
725 1455 783 1493 Haec
797 1455 884 1499 auxilia,

58 1510 106 1564 cum
123 1528 151 1565 ad
167 1528 263 1571 singulos
280 1530 340 1565 actus
358 1527 442 1572 dentur,
457 1527 582 1565 vocavimus
599 1528 684 1571 gratias,
696 1527 791 1565 actuales
798 1531 813 1564 1.
831 1526 884 1565 Cum

58 1599 205 1637 communiore
219 1610 303 1644 quoque
318 1596 424 1655 sententia
437 1599 586 1643 theologorum
601 1599 696 1637 diximus
708 1599 800 1643 gratiam
814 1602 884 1637 actua·
922 1626 924 1628 -

57 1674 106 1716 lem,
119 1683 173 1716 quae
188 1672 250 1709 datur
262 1671 290 1710 ad
303 1675 363 1709 actus
377 1672 481 1709 salutares
494 1672 614 1716 ponendos,
628 1682 674 1709 esse
687 1671 799 1710 entitative
813 1682 886 1715 super-

58 1744 184 1787 naturalem,
201 1743 257 1781 sicut
275 1743 318 1787 ipsi
335 1746 397 1781 actus
415 1744 519 1781 salutares
535 1746 585 1781 sunt
603 1744 715 1781 entitativ'e
733 1728 885 1788 supernatura-

57 1816 88 1853 les
96 1815 111 1852 2.
123 1815 268 1853 Distinximus
281 1826 366 1860 quoque
378 1815 469 1859 gratiam
481 1815 587 1853 actualem
600 1819 712 1853 sanantem
726 1819 747 1853 et
759 1817 885 1860 elevantem,

59 1890 170 1925 sanantem
184 1887 234 1931 quia
249 1891 310 1925 sanat
324 1888 427 1925 moralem
440 1887 588 1925 infirmitatem
600 1887 697 1925 hominis
710 1890 731 1926 et
745 1891 833 1925 eatenus
849 1889 885 1925 dat

60 1959 116 1996 vires
128 1959 227 2002 morales,
242 1962 262 1997 et
276 1959 401 2002 elevantem,
416 1970 470 2003 quae
484 1959 520 1997 dat
533 1970 597 2003 posse
611 1970 692 2003 ponere
707 1962 767 1997 actus
781 1963 885 1997 salutares

60 2034 80 2068 et
95 2030 127 2068 sic
142 2031 227 2069 confert
242 2042 310 2070 novas
324 2031 381 2069 vires
396 2031 506 2075 physicas.
888 2022 890 2026 ¹

113 2117 144 2153 De
159 2119 236 2154 natura
248 2117 329 2160 gratiae
344 2116 461 2153 habitualis
475 2116 518 2153 iam
534 2116 616 2154 dictum
631 2120 663 2154 est
677 2118 700 2154 in
715 2117 786 2161 prima
800 2120 861 2161 parte
870 2121 887 2162 3;

60 2191 125 2226 restat
138 2188 254 2225 dicendum
267 2188 293 2225 de
305 2191 382 2225 natura
391 2188 473 2232 gratiae
483 2189 580 2226 actualis.
591 2188 746 2227 Consideratur
758 2192 829 2227 autem
841 2200 886 2243 gra.

60 2259 90 2297 tia
105 2260 195 2297 actualis
210 2259 308 2304 praecise
322 2261 346 2297 in
359 2262 463 2304 quantum
479 2264 510 2298 est
525 2261 618 2317 elevanS.
631 2261 663 2298 De
677 2261 746 2305 gratia
761 2262 840 2299 actuali
855 2273 887 2299 sa-

61 2335 126 2370 nante
137 2342 180 2370 non
194 2336 225 2370 est
237 2332 358 2376 difficultas,
369 2333 387 2370 si
399 2335 432 2370 est
442 2333 613 2377 supernaturalis
625 2334 694 2371 solnm
706 2335 777 2378 quoad
789 2334 887 2377 modum,

62 2404 80 2441 si
94 2407 165 2442 autem
178 2408 210 2442 est
225 2405 337 2442 entitative
352 2405 529 2448 supernaturalis,
546 2408 577 2442 est
593 2406 658 2443 etiam
674 2406 767 2444 elevans.

110 2594 115 2614 ¹
131 2591 175 2629 Pag.
190 2591 228 2623 160.

111 2657 118 2677 ²
131 2651 188 2685 Thes.
201 2652 218 2691 8,
232 2660 275 2691 pag.
291 2652 330 2685 174.

111 2711 200 2747 ³‘Thesis
213 2714 229 2752 3,
241 2721 284 2753 pag.
297 2713 325 2746 93.
