1952 3093
448 89 569 126 —177—

148 212 205 249 Bene
218 211 344 255 notandum,
356 211 435 248 thesim
450 220 512 254 agere
526 210 595 247 solum
611 210 637 247 de
650 209 740 252 actibus,
754 208 832 252 quibus
847 218 923 251 pecca-

94 289 129 323 tor
146 283 365 322 adiustificationem
383 282 516 327 disponitur;
534 283 560 319 de
578 281 661 319 actibus
679 282 785 318 iustorum
803 291 873 318 sermo
891 291 922 317 re-

95 357 163 395 currit
176 357 200 393 in
214 359 275 400 parte
290 355 360 393 tertia.
374 355 448 398 Porro,
462 354 480 391 si
495 355 518 391 in
532 354 573 390 hac
587 354 643 391 thesi
659 353 776 391 necessitas
790 352 872 396 gratiae
887 363 921 390 ex-

93 429 188 474 plicatur
201 440 227 466 ex
240 439 272 472 eo,
284 427 343 472 quod
354 430 414 465 actus
427 426 567 470 disponentes
581 429 631 463 sunt
645 426 756 463 entitative
769 427 921 469 supernatura-

93 503 131 545 les,
146 497 199 545 ergo
210 500 279 544 gratia
293 503 402 544 tamquam
417 499 504 536 elevans
517 498 642 535 necessaria
656 501 694 541 est,
709 508 753 535 non
769 500 859 541 negatur
873 508 921 534 eam

94 574 159 612 etiam
169 572 315 610 necessariam
326 583 373 609 esse
383 574 489 623 quatenus
502 571 559 608 vires
571 573 661 614 peccato
674 569 794 607 infirmatas
805 570 920 611 confortat,

94 645 162 682 idest
175 646 303 689 inquantum
316 647 348 681 est
359 653 447 688 sanans3
460 643 498 680 sed
512 642 538 679 de
551 642 592 679 hac
606 653 628 679 re
641 642 730 685 proprie
744 642 766 678 in
781 641 878 686 sequenti
891 652 921 679 se-

93 717 167 764 ctione
184 716 301 754 dicendum
316 719 354 753 est.

451 922 565 970 PROBATUR

149 1076 165 1115 Ι.
175 1076 206 1113 Ex
217 1056 345 1114 auctoritate
356 1077 511 1126 theologorum,
521 1077 559 1120 qui
569 1077 631 1120 quasi
642 1076 786 1114 communiter
796 1077 826 1112 ita
838 1076 923 1112 docent.

142 1148 176 1192 11.
187 1149 253 1186 Thesi
267 1149 407 1186 antecedente
420 1148 535 1192 probatum
550 1152 587 1192 est,
596 1141 709 1185 internam
720 1148 812 1192 gratiam
825 1147 922 1185 absolute

97 1220 241 1258 necessariam
259 1232 305 1258 esse
323 1221 350 1258 ad
368 1224 427 1257 actus
443 1222 471 1258 ad
488 1220 667 1258 iustificationem
693 1218 833 1264 disponentes
857 1219 923 1263 idque

97 1278 142 1330 non
156 1293 225 1330 solum
238 1293 266 1329 ad
281 1279 367 1329 facilius
382 1304 452 1337 posse,
467 1294 505 1330 sed
520 1294 547 1330 ad
562 1293 692 1336 simpliciter
706 1303 779 1337 posse;
796 1288 855 1336 atqui
869 1292 923 1328 haec

97 1365 215 1402 necessitas
232 1365 302 1401 solum
316 1376 342 1401 ex
358 1376 382 1402 eo
399 1365 505 1408 explicari
522 1367 598 1409 potest,
615 1365 674 1408 quod
688 1365 802 1402 entitative
817 1364 924 1408 perfectio

98 1437 185 1474 illorum
200 1439 286 1473 actuum
302 1437 392 1473 excedat
407 1437 507 1474 ordinem
523 1447 603 1479 eorum,
620 1447 674 1481 quae
690 1436 773 1473 viribus
789 1435 924 1473 naturalibus

97 1507 211 1545 hominum
227 1508 341 1552 possibilia
358 1512 416 1552 sunt;
435 1518 484 1552 ergo
501 1509 534 1545 illi
551 1511 610 1546 actus
627 1512 677 1545 sunt
694 1508 806 1546 entitative
822 1518 924 1551 superna-

98 1581 185 1617 furales.

151 1651 214 1689 Proh.
231 1653 312 1689 minor:
332 1652 354 1689 Si
371 1653 440 1690 solum
456 1655 554 1696 ageretur
570 1653 596 1689 de
613 1652 696 1689 actibus
712 1652 823 1689 entitative
839 1655 924 1689 natura-

96 1723 159 1767 libus,
170 1724 208 1768 qui
220 1723 353 1761 difficiliores
365 1727 420 1767 sunt,
431 1735 496 1768 quam
507 1727 530 1761 ui
540 1724 623 1762 viribus
635 1724 749 1761 infirmatis
761 1724 856 1761 hominis
866 1724 922 1768 lapsi

97 1796 150 1838 poni
165 1798 260 1839 possent,
276 1796 346 1839 gratia
361 1796 451 1840 proprie
468 1799 522 1833 esset
538 1797 661 1833 necessaria
677 1797 704 1833 ad
720 1796 807 1833 facilius
822 1807 886 1839 posse
903 1799 923 1833 et

99 1877 142 1904 non
160 1868 188 1904 ad
204 1867 335 1911 simpliciter
349 1878 420 1911 posse.

153 1939 222 1976 Homo
242 1943 290 1982 post
308 1942 421 1983 peccatum
439 1940 545 1984 originale
563 1940 685 1977 libert-atem
704 1951 764 1977 suam
783 1950 826 1977 non
846 1941 925 1983 amisit,

99 2010 150 2048 licet
160 2022 186 2048 ea
195 2010 303 2048 infirmata
314 2012 348 2055 sit,
359 2015 380 2048 et
389 2014 466 2055 potest,
478 2012 509 2048 uti
521 2012 619 2056 sequenti
631 2012 727 2049 sectione
738 1997 866 2056 ostenditur,
879 2013 925 2049 siue

100 2082 169 2125 gratia
183 2085 245 2119 actus
259 2083 387 2120 naturaiiter
401 2083 504 2120 honestos
520 2094 610 2128 ponere3
628 2083 646 2120 si
663 2093 712 2127 ergo
729 2084 757 2121 ad
773 2087 834 2121 actus
849 2084 925 2127 honos,

99 2154 137 2197 qui
154 2157 285 2198 praeparant
302 2155 330 2192 ad
347 2154 529 2206 ludificationem,
547 2155 615 2198 gratia
634 2156 687 2193 adeo
705 2155 829 2193 necessaria
846 2158 883 2199 est,
902 2159 925 2193 ut

99 2226 147 2267 sine
160 2226 197 2263 illa
210 2226 346 2270 impossibile
359 2227 387 2263 sit
398 2226 483 2264 homini
496 2239 533 2264 eos
545 2238 632 2271 ponere,
647 2227 710 2265 debet
723 2228 746 2264 in
760 2228 804 2265 illis
818 2228 924 2271 perfectio

100 2296 172 2341 aliqua
185 2297 286 2343 inveniri,
299 2309 353 2342 quae
366 2309 410 2336 uon
424 2302 456 2335 est
467 2299 491 2335 in
503 2299 586 2336 actibus
600 2300 728 2337 naturaliter
738 2300 809 2337 honis.

153 2369 210 2406 Haec
224 2370 330 2413 perfectio
344 2380 388 2407 non
402 2373 472 2413 potest
486 2371 604 2408 consistere
618 2371 641 2407 in
655 2382 715 2408 mera
728 2372 877 2415 acceptatione
890 2383 924 2408 ex-

100 2442 161 2477 terna
173 2441 253 2485 divina,
266 2444 289 2478 ut
300 2444 360 2478 acius
371 2441 441 2479 honus
453 2442 500 2480 sine
512 2443 581 2486 gratia
593 2443 676 2485 positus
690 2445 711 2480 et
721 2446 781 2480 actus
794 2443 864 2481 bonus
876 2455 925 2481 cum

100 2512 168 2554 gratia
180 2513 264 2555 positus
277 2524 302 2550 eo
315 2514 384 2550 solum
398 2513 507 2558 differant,
520 2515 579 2558 quod
590 2514 646 2551 Deus
659 2515 756 2558 priorem
770 2526 813 2552 non
827 2516 879 2553 velit
891 2527 925 2553 ac-

101 2586 187 2626 ceptare
202 2588 311 2629 tamquam
328 2585 493 2628 dispositionem
509 2587 537 2623 ad
551 2586 732 2631 iustificationem,
749 2587 840 2624 alterurn
854 2590 925 2625 autem

101 2654 132 2690 sic
148 2659 263 2699 acceptare
280 2657 339 2693 velit.
356 2656 410 2694 Nam
428 2657 459 2694 sic
475 2668 520 2695 non
537 2669 611 2695 verum
629 2661 731 2705 maneret,
748 2659 860 2696 hominem
878 2661 924 2696 sine

99 2726 168 2767 gratia
179 2738 222 2764 non
233 2729 304 2765 valere
315 2728 342 2765 ad
351 2730 415 2765 talem
426 2732 497 2766 actum
507 2730 642 2774 ponendum;
654 2731 772 2768 necessitas
783 2731 841 2768 enim
851 2731 925 2774 priore

151 2869 245 2903 Leunuuz.
257 2889 282 2893 —
293 2871 321 2903 De
333 2870 401 2905 Gratia
414 2871 557 2910 Redemptoris.
878 2877 897 2903 12
