1952 3093
464 37 572 74 „18-

107 170 141 207 vel
153 179 197 207 non
209 169 355 214 erediderunt,
366 171 455 215 quando
466 170 570 214 baptizati
582 172 615 208 vel
628 181 672 208 non
683 171 787 214 baptizati
800 174 856 217 sunt,
869 183 935 217 quan·

109 242 136 279 do
152 253 240 280 carnem
253 242 336 280 ¹Christi
351 243 538 281 manducaverunt
552 244 585 280 vel
601 254 645 281 non
661 244 853 288 manducaverunt,
869 255 935 290 quan·

110 315 137 352 do
152 318 173 352 et
187 316 313 359 sanguinem
328 316 431 353 biberunt
446 317 480 354 vet
495 326 539 354 non
553 317 665 362 biberunt;
682 317 801 354 secundum
816 318 870 355 haec
885 327 935 361 ergo

109 398 163 431 quae
178 399 310 432 percorpus
325 393 443 433 gesserunt,
457 400 501 427 non
516 389 635 427 secundum
650 401 675 427 ea
690 401 751 434 quae,
767 391 785 427 si
802 391 840 427 diu
852 390 890 427 hic
906 391 935 428 vi-

109 465 189 505 verent,
204 462 285 505 gesturi
300 462 392 507 fuerant,
405 462 537 500 iudicantur.
551 486 578 490 —
593 463 615 500 9⁰
629 462 712 500 Scimus
728 462 803 500 felices
819 473 865 501 esse
881 474 936 500 mor-

110 537 156 571 tuos
168 534 205 578 qui
217 535 240 570 in
251 534 345 572 Domino
357 535 485 579 moriuntur,
498 546 538 572 nec
551 536 578 572 ad
591 547 628 573 eos
639 536 749 579 pertinere
760 535 868 580 quidquid
879 539 936 573 actu-

110 606 128 643 ri
142 606 234 651 fuerant,
247 608 265 644 si
278 610 375 651 tempore
390 608 525 645 diuturniore
539 608 651 646 vixissent.
664 608 738 647 -190
752 608 836 646 Scimus
851 608 936 653 eosqui

111 680 176 717 corde
194 680 285 723 proprio
304 681 396 718 credunt
412 681 436 718 in
452 681 576 725 Dominum,
595 692 632 718 sua
652 682 675 718 id
694 682 765 718 iacere
784 682 893 719 voluntate
912 693 936 719 ac

110 752 179 790 libero
194 753 291 791 arbitrio.
304 777 332 781 —
345 754 379 791 11⁰
393 753 477 791 Scimus
491 765 531 797 pro
547 755 577 792 eis
591 755 628 799 qui
644 754 720 791 nolunt
735 755 830 799 credere,
845 765 885 792 nos
899 754 937 799 qui

111 825 154 862 iam
170 826 286 870 credimus
304 830 363 863 recta
378 826 421 864 fide
439 836 507 870 agere,
525 838 574 864 curn
592 827 660 864 Deum
678 838 764 865 oramus
780 830 803 864 ut
820 827 893 864 velint.
911 850 938 854 —

90 932 92 936 ,
111 898 145 935 12⁰
159 897 243 936 Scimus
256 910 296 943 pro
310 900 341 936 eis
355 900 392 943 qui
407 911 432 936 ex
445 900 489 936 iliis
503 900 649 945 crediderunt,
664 903 766 944 tanquam
780 900 805 937 dc
819 899 937 942 beneficiis,

111 974 168 1008 recte
181 975 243 1016 atque
257 972 364 1009 veraciter
376 976 396 1010 et
408 972 486 1010 debere
498 983 537 1010 nos
550 972 594 1009 Deo
609 982 671 1016 agere
684 973 770 1017 gratias,
784 976 804 1010 et
816 973 885 1010 sotere
893 986 904 1009 »
913 976 937 1008 ⁶1.

164 1044 256 1082 Maiores
272 1048 343 1082 tamen
360 1048 379 1082 et
396 1045 543 1082 diuturniores
559 1045 705 1082 discussiones
722 1045 819 1090 quaestio
837 1045 862 1083 de
878 1056 938 1089 prae-

113 1117 263 1161 destinatione,
280 1117 305 1155 de
320 1117 389 1161 gratia
404 1120 424 1154 et
440 1118 466 1154 de
480 1117 549 1154 libero
564 1117 661 1161 arbitrio,
677 1118 699 1154 in
716 1116 784 1155 Gallia
799 1118 938 1161 provocabat.

112 1190 242 1227 loannes
269 1189 461 1227 Cassianus⁶2
481 1190 546 1227 abbas
566 1190 585 1227 S.
604 1190 705 1234 Victoris,
725 1186 839 1235 Massiliae,
860 1189 938 1227 doctri-

78 1286 81 1291 ·
112 1272 162 1299 nam
178 1262 288 1306 proponit,
304 1273 346 1306 qua
362 1262 480 1300 necessitas
498 1266 517 1299 et
534 1263 637 1305 gratuitas
654 1262 735 1305 gratiae
752 1263 789 1299 vix
806 1262 938 1299 sufficienter

114 1337 233 1373 servantur.

166 1408 275 1452 Quaenam
289 1408 355 1445 fuerit
370 1409 415 1445 eius
431 1408 537 1445 sententia
551 1408 659 1450 imprimis
674 1419 699 1445 ex
714 1406 833 1445 Collatione
849 1408 872 1445 13
889 1408 939 1443 «De

113 1479 248 1523 protectione
268 1480 327 1517 Dei»
350 1480 452 1524 cognosci
472 1482 543 1524 potest
551 1483 574 1516 ⁶³.
596 1479 647 1522 Cap.
669 1479 680 1516 3
703 1480 765 1517 docet
788 1490 850 1517 «non
871 1481 939 1516 solum

113 1555 205 1596 actuum,
222 1563 296 1590 verum
313 1553 377 1590 etiam
395 1552 550 1597 cogitationum
567 1553 673 1589 bonarum
690 1563 715 1589 ex
733 1553 777 1589 Deo
795 1544 841 1588 esse
859 1551 940 1595 princi-

113 1626 180 1670 pium,
197 1626 234 1670 qui
251 1625 315 1663 nobis
331 1628 352 1662 et
366 1625 430 1662 initia
446 1627 533 1662 sanctae
550 1625 667 1662 voluntatis
685 1624 784 1668 inspirat,
803 1629 823 1662 et
839 1625 940 1661 virtutem

114 1701 177 1743 atque
192 1698 377 1752 opportunitatem
393 1708 467 1735 eorum
482 1708 536 1742 quae
552 1700 609 1734 recte
624 1696 730 1740 cupimus,
746 1697 823 1733 tribuit
838 1706 940 1740 peragen-

115 1770 189 1808 di»⁶4.
203 1769 253 1814 Cap.
268 1770 290 1807 6:
306 1769 352 1807 «Et
364 1769 448 1807 idcirco
461 1770 513 1807 licet
526 1770 548 1806 in
562 1769 641 1813 multis
655 1769 721 1806 immo
734 1769 756 1805 in
771 1768 878 1812 omnibus,
892 1779 940 1812 pos-

114 1844 142 1880 sit
155 1843 240 1880 ostendi
252 1854 337 1887 semper
349 1842 429 1880 auxilio
441 1843 481 1880 Dei
494 1842 593 1879 homines
607 1842 705 1885 indigere
719 1852 758 1878 nec
773 1840 855 1885 aliquid
867 1838 951 1878 huma!

115 1926 164 1952 nam
180 1916 326 1961 fragilitatem,
341 1916 400 1960 quod
416 1915 443 1952 ad
459 1915 549 1951 salutem
565 1915 666 1958 pertinet,
682 1924 722 1957 per
736 1925 758 1950 se
774 1913 848 1956 solam,
863 1913 886 1950 id
903 1915 940 1956 est,

115 1989 162 2025 sine
179 1988 287 2025 adiutorio
303 1988 343 2024 Dei
360 1998 423 2031 posse
440 1986 550 2031 perficere,
567 1987 590 2022 in
607 1987 666 2023 nullo
684 1986 748 2022 modo
766 1987 837 2022 tamen
855 1985 941 2022 eviden-

116 2061 157 2097 tius
174 2061 275 2105 quamin
292 2059 435 2104 acquisitione
451 2063 513 2103 atque
531 2059 629 2095 custodia
647 2058 752 2095 castitatis
768 2056 889 2094 ostenditur
898 2070 908 2093 »
917 2060 941 2093 ⁶⁵.-

116 2132 167 2176 Cap.
183 2132 205 2170 8:
224 2145 234 2169 (ι.
242 2132 308 2170 Adest
324 2132 390 2176 igitur
406 2131 581 2175 inseparabiliter
599 2130 661 2167 nobis
679 2141 763 2174 semper
781 2129 855 2167 divina
872 2132 942 2172 prote-

164 2304 182 2327 11
194 2301 228 2334 ML
241 2300 270 2340 33,
284 2300 319 2333 984
333 2309 348 2333 s.

164 2365 182 2387 ⁶²
195 2360 255 2400 tinch,
270 2360 306 2394 Die
321 2360 382 2393 Lehre
398 2355 431 2393 des
445 2359 545 2393 Johannes
562 2359 668 2392 Cassianus
684 2367 721 2391 von
739 2357 801 2390 Natur
815 2357 855 2389 und
872 2356 943 2395 Gnade,

118 2421 212 2460 Freiburg
230 2421 285 2460 1895;
305 2421 388 2460 Wdrter,
407 2420 496 2458 beitrage
515 2429 551 2452 zur
568 2418 766 2457 Dogmengeschichtc
785 2418 818 2450 des
839 2417 944 2456 Semipela-

118 2483 233 2521 gianismus,
249 2481 361 2515 Paderborn
378 2480 424 2514 1898
440 2489 483 2520 pag.
499 2479 563 2518 31-79;
581 2480 669 2517 Laugier,
685 2479 711 2512 St.
727 2479 775 2511 Jean
791 2478 870 2519 Cassicn
888 2480 944 2522 ctsa

118 2543 206 2576 doctrine
219 2552 253 2575 sur
266 2543 286 2575 la
299 2542 360 2581 grace,
373 2542 426 2581 Lyon
441 2540 492 2573 1998.

157 2606 183 2629 '⁶³
196 2604 229 2636 ML
241 2603 270 2642 49,
284 2602 324 2636 897.

166 2668 183 2689 64
196 2663 230 2696 ML
242 2663 270 2702 49,
285 2662 325 2695 992.

166 2728 183 2749 ⁶⁵
196 2724 230 2757 ML
245 2723 273 2762 49,
289 2723 323 2755 996
338 2733 352 2756 s.
