1952 3093
459 79 487 83 -
500 44 541 92 246
553 79 579 83 -

108 181 180 217 faeere
192 180 250 223 quod
262 180 340 223 possis,
354 182 374 216 et
386 181 459 222 petere
472 179 530 222 quod
543 189 587 215 non
599 179 670 221 possis
678 182 702 221 4³,
716 181 736 214 et
749 178 837 214 adiuvat
849 181 873 214 ut
884 189 933 220 pos-

108 253 147 296 sis;
160 251 220 288 euius
231 252 332 288 mandata
343 251 417 294 gravia
428 262 471 287 non
483 254 532 287 sunt
539 254 564 294 44,
576 251 637 287 euius
648 251 721 293 iugum
732 261 795 286 suave
808 253 839 287 est
849 252 869 286 et
879 260 932 287 onus

108 325 187 361 revees
202 324 242 367 Qui
255 324 313 360 enim
328 326 377 360 sunt
390 323 430 359 fflii
444 324 490 365 Dei,
506 323 614 360 Christum
630 323 730 366 dirigunt,
747 323 783 365 qui
799 325 869 358 autem
886 322 933 358 dili-

108 399 161 440 gunt
175 407 229 438 eum,
247 397 278 436 (ut
290 396 381 438 ipsemet
393 396 491 437 testatur)
505 398 591 431 servant
606 405 715 431 sermones
729 395 774 430 eius
783 398 806 431 4⁶.
821 394 879 437 quod
893 395 933 430 uti-

109 480 150 512 que
165 479 214 505 eum
230 468 304 504 divino
320 468 402 504 auxilio
415 470 526 511 praestare
540 470 664 510 possunt...
681 467 725 509 Quo
742 466 770 504 fit.
787 470 809 502 ut
824 467 874 502 iusti
890 467 933 508 ipsi

109 552 133 577 eo
143 540 211 583 magis
221 551 243 577 se
252 539 357 583 obligatos
366 540 393 576 ad
403 535 556 577 ambulandum
566 539 589 574 in
598 539 634 575 ria
642 539 736 575 iustitiae
747 539 826 575 sentire
836 538 933 582 debeant,

109 623 151 656 quo
162 612 249 649 liberati
261 612 304 648 iam
318 623 329 648 a
342 614 438 654 peceato,
452 611 509 647 servi
521 614 591 647 autem
605 611 657 647 faeti
670 611 715 647 Deo
721 613 747 653 41,
761 610 833 647 sobrie
847 613 867 646 et
879 610 934 647 iuste

110 687 131 720 et
144 684 181 727 pie
193 684 315 720 inventesess
329 684 435 727 proficere
447 686 538 726 possunt
551 694 590 725 per
603 682 712 719 Christum
725 682 803 726 lesum,
818 693 858 725 per
871 693 934 725 quem

110 767 220 793 aceessum
235 755 357 792 habuerunt
372 756 395 791 in
412 756 502 799 gratiam
519 756 614 801 {staina
630 755 686 791 Deus
702 765 795 798 namque
812 765 850 790 sua
866 754 934 797 gratia

111 828 175 864 semel
192 827 319 864 iustificatos
335 838 379 865 non
398 827 483 870 deserit,
500 827 543 863 nisi
561 827 587 863 ab
604 827 634 863 eis
650 826 711 870 prius
729 826 858 863 deseratur»
867 829 892 862 ⁵⁰.
908 849 935 852 —

111 899 162 943 Cap.
176 900 200 936 15
213 909 277 942 agens
292 900 317 936 de
329 900 425 942 peccatis
437 899 553 936 lethalibus
567 899 631 935 dicit:
648 909 679 935 «a
693 898 771 951 quibus
785 909 834 934 cum
848 898 934 934 divinae

97 972 191 1015 >gratiae
207 972 331 1008 adiumento
348 972 456 1008 abstinere
472 974 580 1014 possunt»
590 975 614 1007 ⁵1.

165 1042 267 1084 Can.18:
287 1043 328 1081 «Si
343 1044 392 1087 quis
408 1043 493 1085 dixerit,
508 1043 679 1099 Deiffipraecepta
694 1042 779 1079 homini
796 1042 859 1079 etiam
876 1043 935 1078 iusti-

110 1115 173 1153 ficato
190 1119 210 1152 et
226 1115 265 1152 sub
280 1115 349 1159 gratia
365 1115 481 1152 constituto
498 1126 543 1151 esse
560 1115 587 1151 ad
602 1114 761 1171 obseruandum
777 1114 932 1157 impossibilia:

112 1188 135 1225 A.
151 1188 170 1225 S.
179 1201 189 1223 »
198 1192 222 1224 ⁵².
239 1187 289 1225 Can.
301 1187 329 1239 22
344 1188 394 1224 vide
410 1198 475 1230 supra
489 1197 536 1231 pag.
552 1187 597 1224 245.

163 1260 216 1297 Pius
229 1260 247 1296 V
260 1260 371 1297 damnavit
381 1259 554 1303 propositionem
566 1259 590 1296 54
603 1259 650 1295 Baii
658 1262 682 1295 ³³.

165 1332 312 1368 quocnmrus
322 1331 370 1368 Xut
379 1331 512 1368 haereticam
523 1331 633 1367 damnavit
643 1330 739 1367 Iansenii
750 1327 933 1373 propositionem:

113 1417 124 1439 «
133 1404 209 1448 Atiqua
223 1404 263 1440 Dei
278 1406 394 1446 praecepta
409 1403 535 1440 hominibus
550 1403 613 1439 iustis
628 1402 750 1439 volentibus
765 1405 786 1440 et
801 1402 936 1444 conantibus,

113 1475 232 1512 seeundum
247 1478 378 1518 praesentes,
394 1486 448 1519 quas
463 1460 621 1517 habentvires
638 1478 688 1511 sunt
702 1474 857 1517 impossibilia:
878 1463 937 1510 deest

113 1558 197 1591 quoque
208 1547 252 1584 illis
262 1547 337 1591 gratia,
349 1558 392 1591 qua
403 1547 518 1590 possibilia
529 1546 600 1583 fiant»
609 1550 632 1583 ⁵4.

164 1619 217 1656 Plus
231 1618 258 1655 XI
272 1619 329 1656 hane
347 1618 469 1656 doctrinam
485 1619 581 1662 applicat
596 1619 618 1654 in
636 1618 747 1661 encyclica
764 1618 841 1655 «Casti
857 1629 937 1654 connu-

112 1691 174 1728 bii»:
191 1690 335 1728 <Cavendum
347 1691 436 1727 omnino
450 1693 487 1733 est,
501 1700 527 1727 ue
541 1690 639 1727 funestae
652 1693 789 1727 externarum
803 1701 874 1726 rerum
888 1700 937 1726 eon-

160 1857 179 1878 43
192 1854 221 1885 Cf.
234 1863 248 1885 s.
261 1854 348 1891 August..
360 1853 387 1885 De
398 1855 470 1885 natura
482 1855 501 1884 et
514 1853 582 1891 gratia,
595 1862 610 1884 e.
623 1852 651 1891 43,
662 1862 681 1884 n.
694 1852 726 1884 50:
740 1862 750 1883 «
758 1852 800 1884 Non
813 1849 874 1890 igitur
886 1852 937 1883 Deus

114 1914 248 1952 impossibilia
259 1914 320 1952 iubet,
333 1913 367 1945 sed
379 1913 465 1945 iubendo
479 1913 571 1945 admonet
584 1915 602 1944 et
616 1913 680 1944 faeere
693 1913 745 1951 quod
758 1913 828 1951 possis,
842 1915 861 1944 et
873 1916 938 1950 petere

114 1974 167 2012 quod
178 1983 217 2005 non
228 1974 316 2012 possis»,
328 1973 361 2005 ML
371 1973 399 2011 44,
410 1973 454 2011 2713
465 1972 481 2005 R
492 1973 543 2005 1795.

160 2038 179 2058 «n
193 2035 201 2065 1
215 2034 235 2066 Io
248 2034 264 2072 5,
277 2034 293 2066 3.

160 2098 179 2118 45
192 2094 255 2126 blatth
268 2094 296 2132 11,
308 2094 336 2126 30.

161 2154 213 2185 4610
227 2154 255 2192 14,
267 2154 295 2186 23.

161 2219 179 2238 47
193 2215 242 2246 Rom
256 2215 271 2252 6,
284 2214 312 2246 22.

161 2278 179 2300 48
192 2275 224 2306 Tit
236 2275 252 2311 2,
265 2274 293 2306 12.

161 2338 179 2359 49
193 2335 242 2367 Rom
256 2335 271 2372 5,
285 2335 301 2366 2.

162 2398 179 2420 5⁰
193 2395 222 2427 Cf.
232 2404 247 2426 s.
257 2395 343 2433 August,
354 2395 381 2426 De
391 2396 463 2426 natura
474 2397 492 2425 et
503 2394 571 2432 gratia,
583 2405 597 2426 c.
609 2394 631 2426 26
641 2404 670 2426 nr.
681 2394 712 2431 29;
724 2394 757 2426 ML
767 2394 795 2427 44.
806 2394 849 2431 261;
860 2394 876 2426 R
887 2394 938 2426 1792.

113 2474 138 2477 —
150 2455 203 2486 Denz
216 2455 256 2486 804.

163 2519 179 2539 ⁵1
193 2515 245 2546 Denz
257 2515 297 2547 808.

163 2579 180 2600 5¹2
193 2575 245 2607 Denz
260 2575 300 2607 828.
360 2577 363 2584 ’

163 2640 180 2660 5³
194 2635 310 2667 Denz1054.

164 2701 181 2722 54
194 2696 246 2728 Denz
261 2696 316 2735 10923
332 2696 356 2729 cf.
371 2706 431 2735 supra
446 2704 488 2735 pag.
503 2695 530 2728 72.
