1952 3093
86 316 162 352 laesis
175 315 197 351 19
204 327 208 351 :
221 314 321 350 Efficacia
328 315 410 356 gratiae
419 322 486 355 neque
493 323 534 355 per
539 312 788 354 praedeterminationem
794 311 914 353 physicam,

134 384 202 418 neque
212 385 253 417 per
265 375 422 410 delectationem
436 374 542 408 victricem
556 373 679 415 explicantia
698 373 735 413 est,
755 371 794 407 sed
812 380 843 411 eo,
859 370 916 412 quod

135 436 190 470 neus
203 436 267 470 talem
279 435 361 469 nomint
372 436 409 469 dat
418 434 524 476 gratiam
534 434 617 480 qualem
633 433 673 467 solt
687 441 734 466 esse
746 440 867 473 congruam,
882 430 917 465 cut

136 498 198 530 nomo
210 496 332 530 consentiat.

141 638 165 674 In
182 637 223 675 hac
239 637 295 674 thesi
313 617 382 680 agitur
401 637 426 673 de
445 637 570 680 quaestione
588 637 645 673 inter
662 637 773 679 theologos
791 635 911 672 catholicos

91 713 237 747 controversa.

141 792 256 830 Probatum
270 796 301 830 est
314 804 359 829 esse
372 792 463 836 gratiam
475 803 524 829 vere
537 795 558 830 et
569 804 627 830 mere
639 792 787 835 sufficientem,
800 794 912 835 praeterea

88 876 134 902 esse
148 864 239 908 gratiam
253 864 368 910 efficacem,
384 865 417 901 cui
433 864 548 902 tribuenda
564 867 596 901 est
608 864 738 902 antecedens
753 863 848 901 efficacia
863 873 912 906 ope·

89 937 125 974 ris.
139 936 259 981 Quaeritur,
275 937 383 980 quomodo
398 936 452 974 haec
468 936 563 974 efficacia
577 936 707 973 antecedens
722 935 803 979 gratiae
818 934 912 973 efficacis

89 1009 117 1045 sit
132 1008 269 1052 explicanda,
285 1008 343 1045 unde
358 1019 382 1045 ea
397 1009 425 1046 sit
442 1008 567 1051 derivanda,
582 1008 615 1045 vel
632 1008 655 1044 in
672 1019 714 1051 quo
731 1007 835 1045 consistat
852 1006 912 1044 diffe-

92 1081 161 1118 rentia
177 1080 235 1118 inter
250 1081 341 1124 gratiam
357 1092 407 1119 vere
424 1084 444 1118 et
460 1092 518 1119 mere
534 1080 682 1123 sufficientem,
698 1091 751 1125 quae
768 1080 833 1117 habet
849 1078 917 1116 effica-

89 1152 146 1189 ciam
154 1151 248 1195 virtutis,
259 1156 280 1190 et
289 1152 380 1196 gratiam
392 1152 506 1196 efficacem,
517 1153 551 1189 cui
562 1153 666 1196 competit
677 1152 807 1189 antecedens
818 1151 913 1189 efficacia

89 1224 169 1268 operis.
186 1223 262 1268 Agitur
278 1224 304 1262 de
320 1224 452 1268 explicanda
469 1224 552 1268 triplici
569 1225 606 1261 illa
624 1224 787 1266 infallibilitate,
806 1222 913 1260 obiectiya

90 1295 180 1339 scilicet,
195 1295 343 1340 cognoscitiva
358 1299 379 1334 et
393 1296 500 1334 affectiva.

144 1378 208 1416 Varia
223 1379 249 1417 de
263 1378 304 1416 hac
318 1390 341 1417 re
354 1382 432 1417 statuta
447 1384 496 1417 sunt
510 1383 632 1423 systemata.
646 1379 675 1417 Ut
687 1382 780 1422 systema
795 1379 915 1416 satisfaciat

91 1461 134 1487 non
145 1451 214 1488 solum
225 1450 334 1494 explicare
346 1450 409 1488 debet
419 1451 528 1495 triplicem
539 1451 598 1488 illam
609 1451 794 1494 infallibilitatem,
806 1450 846 1488 sed.
855 1461 916 1494 prac-

91 1525 149 1560 terea
165 1532 208 1560 non
224 1523 288 1561 dehet
302 1522 414 1560 offendere
431 1526 505 1561 contra
522 1524 617 1568 aliquam
628 1506 750 1560 ueritatem.
766 1523 841 1566 Agitur
857 1523 915 1560 enim

92 1603 135 1632 non
148 1595 217 1632 solum
229 1595 255 1632 de
268 1594 373 1638 singulari
383 1595 509 1639 quaestione
521 1595 628 1633 efficaciae
639 1596 726 1639 gratiae,
738 1595 776 1633 sed
788 1595 842 1632 haec
853 1606 916 1640 quae-

93 1665 133 1704 stio
150 1677 199 1704 cum
215 1666 314 1710 pluribus
331 1667 379 1704 aliis
396 1666 472 1704 intime
489 1668 596 1704 cohaeret.
613 1667 710 1711 Systcma
726 1670 796 1705 autem
813 1667 917 1711 theologi·

94 1748 142 1775 cum
154 1738 195 1776 tale
207 1749 253 1777 esse
266 1739 335 1783 debet,
347 1742 370 1776 ut
382 1739 484 1783 praebeat
496 1739 663 1783 explicationem
675 1739 772 1777 omnium
785 1740 871 1776 illarum
883 1751 918 1777 ye-

94 1810 188 1855 ritatum,
205 1810 258 1855 quin
273 1814 350 1849 contra
364 1812 431 1849 ullam
446 1811 549 1849 offendat.
566 1812 671 1849 Veritates
688 1814 758 1849 autem
774 1823 828 1856 quae
843 1812 880 1848 hic
896 1812 919 1847 in

95 1882 242 1927 quaestionem
257 1882 348 1920 veniunt
363 1886 423 1920 sunt:
442 1883 461 1925 1>
478 1882 537 1921 Seria
552 1883 592 1921 Dei
607 1883 707 1921 voluntas
723 1883 818 1921 salvifica
833 1876 919 1921 univer-

95 1954 155 1999 salis;
169 1953 189 1997 2)
201 1955 343 1999 praedilectio
355 1954 395 1993 Dei
409 1964 458 1999 erga
471 1954 653 2001 praedestinatos3
666 1955 686 1997 3)
701 1955 826 1994 exsistentia
838 1956 919 2000 gratiae

95 2037 145 2064 vere
160 2029 181 2064 et
194 2037 252 2064 mere
266 2026 399 2072 sufficientis,
414 2038 468 2072 quae
482 2027 512 2064 ita
526 2027 610 2072 sufficit,
624 2031 648 2065 ut
661 2028 689 2065 sit
704 2029 767 2072 culpa
782 2028 885 2071 hominis,
901 2029 919 2065 si

95 2101 155 2135 actus
169 2099 268 2136 salutaris
281 2109 324 2136 non
339 2099 441 2143 sequitur,
454 2099 485 2136 ita
496 2103 520 2136 ut
531 2110 557 2137 ex
570 2102 631 2143 parte
642 2100 682 2137 Dei
696 2100 783 2138 collatio
795 2100 860 2138 huius
873 2111 919 2144 gra-

95 2169 137 2207 tiae
151 2181 201 2208 vere
215 2170 293 2208 habeat
308 2170 414 2208 rationem
428 2171 539 2216 heneficii3
555 2171 575 2213 4)
589 2171 713 2209 infallibilis
728 2172 824 2210 efficacia
838 2173 919 2216 gratiae

97 2241 190 2280 efficacis
211 2241 298 2286 (triplex
318 2242 481 2287 infallibilitas);
502 2243 521 2285 5)
541 2243 630 2280 libertas
649 2244 745 2281 hominis
766 2244 805 2282 sub
825 2244 920 2282 motione

96 2314 183 2357 gratiae.

148 2397 312 2442 Quamprimum
325 2402 418 2443 systema
432 2399 521 2444 aliquod
535 2403 611 2437 contra
624 2410 690 2438 unam
704 2412 730 2439 ex
742 2401 777 2438 his
791 2401 919 2439 veritatibus

96 2468 194 2514 offendit,
206 2470 250 2507 iam
263 2480 307 2507 non
319 2473 390 2514 potest
402 2482 448 2508 esse
461 2482 542 2515 verum,
554 2472 638 2509 etiamsi
649 2473 712 2515 plura
725 2472 767 2510 alia
780 2473 835 2510 bene
847 2473 919 2511 videa-

96 2544 131 2578 tur
145 2531 261 2586 explicare.

149 2625 226 2664 Thesis
240 2628 284 2664 tres
299 2627 364 2665 habet
378 2630 457 2672 partes,
471 2628 493 2665 in
508 2628 586 2673 quibus
602 2631 643 2665 tria
658 2633 774 2673 systemata
788 2631 920 2675 principalia

98 2700 237 2741 exponuntur
250 2701 270 2737 et
286 2698 441 2737 diiudicantur.
