1952 3093
388 62 497 101 ..15-„

31 183 98 220 datur.
111 178 153 218 Ubi
167 181 238 216 autem
252 178 375 215 invenimus
390 178 455 215 etiam
469 178 534 215 vitam
550 181 659 215 aeternam
672 178 764 222 gratiam
778 188 859 215 nuncu-

30 254 84 299 pari,
98 251 202 290 habemus
220 250 277 294 apud
294 251 387 289 eundem
403 251 484 294 gratiae
500 250 638 295 magnificum
656 251 793 289 defensorem
810 261 860 295 apo-

31 327 108 364 stolum
119 324 220 361 Paulum:
236 323 379 368 Stipendium,
392 324 470 368 inquit,
482 325 571 368 peccati
580 335 639 362 mors
652 326 693 369 est;
706 324 776 368 gratia
788 319 860 361 autem

30 399 69 437 Dei
82 398 127 435 vita
139 399 227 434 aeterna
240 397 264 433 in
278 396 364 434 Christo
378 397 427 433 Iesu
442 397 530 434 domino
545 400 619 434 nostro
628 409 639 433 »
648 400 672 433 4³.

84 470 141 507 Haec
155 469 247 513 epistula
260 472 310 513 post
325 470 399 507 decem
414 471 459 506 lcre
473 480 541 507 annos
556 470 584 507 ad
598 470 717 507 monachos
732 469 860 507 monasterii

31 543 265 586 Hadrumetani,
285 544 308 579 in
322 542 396 579 Africa
410 543 543 587 Byzancena,
558 543 664 587 pervenit,
679 542 736 579 unde
752 542 860 579 dissensio

31 619 54 653 111
65 615 197 654 monasterio
209 618 256 653 orta
268 619 299 652 est
312 626 356 653 «eo
369 616 427 660 quod
439 615 528 660 quidam
540 616 563 652 in
576 616 638 653 vohis
650 616 682 653 sic
694 615 786 659 gratiam
799 625 860 659 prae-

33 689 111 733 dicent,
123 691 147 725 ut
157 692 236 732 negent
247 688 343 725 hominis
357 699 402 725 esse
415 688 507 725 liberum
520 689 644 733 arbitrium;
658 692 684 733 et,
698 688 757 733 quod
771 691 802 725 est
813 697 861 731 gra-

32 762 85 805 vius,
99 761 174 799 dicant
186 762 245 806 quod
258 761 282 798 in
296 761 331 798 die
343 761 421 798 iudicii
434 772 477 798 non
492 762 520 799 sit
532 761 658 798 redditurus
671 761 729 798 Deus
741 760 861 805 unicuique

32 834 150 872 secundum
164 844 231 877 opera
244 833 322 871 elusae.
336 833 406 871 Etiam
422 835 464 871 hoc
479 838 550 871 tamen
566 834 727 876 indicaverunt,
742 834 802 878 quod
815 834 861 876 plu-

32 918 65 944 res
81 909 176 944 vestrum
193 917 237 943 non
254 907 284 943 lta
299 906 400 950 sentiant,
417 907 455 944 sed
471 907 564 944 liberum
582 906 697 944 arbitrium
713 906 813 944 adiuvari
830 907 860 943 ta-

32 982 116 1017 teantur
127 990 166 1022 per
177 979 217 1017 Dei
230 980 327 1023 gratiam,
341 983 364 1016 ut
377 983 435 1017 recta
449 980 558 1023 sapiamus
571 982 633 1024 atque
648 979 762 1023 iaciamus;
778 983 798 1017 et
812 989 861 1016 cum

32 1052 115 1089 venerit
128 1052 234 1089 Dominus
247 1052 339 1089 reddere
351 1052 468 1096 unicuique
483 1052 602 1089 secundum
617 1062 683 1095 opera
697 1051 749 1096 eius,
763 1051 861 1088 inveniat

33 1135 98 1168 opera
110 1127 185 1162 nostra
197 1124 261 1169 bona,
272 1135 327 1169 quae
340 1125 479 1168 praeparavit
492 1125 549 1161 Deus
562 1128 586 1161 ut
599 1125 621 1161 111
636 1125 680 1161 illis
695 1124 829 1161 ambulemus
836 1127 861 1159 4⁵.

32 1197 77 1235 Hoc
90 1197 127 1242 (1111
142 1197 244 1241 sentiunt,
258 1197 313 1234 bene
329 1197 443 1234 sentiunt»
452 1201 476 1234 4⁶.
491 1197 609 1240 Propterea
621 1197 754 1241 Augustinus
767 1196 861 1233 Valenti-

33 1280 60 1307 no
73 1269 145 1307 abbati
156 1269 219 1307 istius
232 1269 511 1313 111011115111111(1111111111111147
524 1270 589 1313 misit,
602 1271 625 1306 in
639 1280 681 1314 qua
695 1270 796 1313 explicat,
810 1280 861 1313 quo-

33 1341 97 1379 modo
117 1342 217 1380 doctrina
236 1342 340 1386 epistulae
356 1342 397 1379 ,194
418 1343 445 1379 sit
462 1342 620 1387 intelligendas
634 1353 681 1379 eam
700 1342 738 1380 scl.
757 1342 861 1385 scriptam

33 1425 78 1452 esse
91 1427 101 1450 «
110 1418 185 1451 contra
199 1425 267 1452 novos
279 1410 401 1452 haereticos
414 1414 561 1458 Pelagianos...
576 1415 613 1458 qui
627 1415 702 1451 dicunt
716 1413 808 1457 gratiam
821 1413 861 1451 Dei

33 1487 152 1524 secundum
164 1487 241 1524 merita
253 1490 327 1524 nostra
340 1487 394 1531 dari,
406 1491 429 1523 ut
442 1488 479 1531 (1111
491 1486 602 1532 gloriatur,
615 1487 695 1523 nonin
708 1486 809 1529 Domino,
824 1487 861 1523 sed

33 1559 55 1594 in
67 1559 139 1603 scipso
152 1559 262 1604 glorietur,
276 1560 317 1597 hoc
331 1563 362 1597 est
376 1560 398 1596 in
412 1559 507 1603 homine,
522 1569 565 1596 non
578 1560 601 1595 in
615 1559 728 1609 Domino»
735 1563 761 1596 48.
776 1558 861 1603 «Prop=

34 1634 65 1667 ter
78 1632 136 1675 quod
150 1641 187 1676 ego
200 1632 223 1669 in
236 1632 277 1669 hac
291 1631 383 1675 epistula
395 1642 449 1676 quae
464 1631 491 1669 ad
503 1642 542 1669 vos
555 1631 662 1675 pervenit,
675 1631 768 1675 probavi
780 1642 820 1675 per
833 1636 862 1669 te-

34 1703 134 1740 stimonia
152 1708 275 1741 sanctarum
293 1704 460 1748 Scripturarum,
478 1715 532 1748 quae
548 1704 580 1741 ihi
597 1703 823 1748 potestis-inspicere,
842 1706 862 1741 et

34 1774 90 1812 bona
106 1787 172 1820 opera
188 1780 262 1814 nostra
278 1780 298 1814 et
312 1777 360 1820 pias
376 1777 492 1819 orationes,
507 1780 528 1814 et
543 1778 624 1813 rectam
641 1776 705 1813 fidem
721 1776 780 1813 nullo
797 1776 862 1813 modo

35 1847 56 1883 in
69 1848 133 1885 uobis
147 1859 193 1886 esse
207 1849 310 1893 potuisse,
323 1849 367 1885 nisi
381 1849 435 1885 haec
450 1847 599 1891 acciperemus
614 1848 640 1886 ab
656 1848 694 1886 illo
711 1848 736 1885 de
750 1859 792 1893 quo
809 1848 862 1885 dicit

34 1921 143 1962 apostolus
159 1920 261 1958 Iacobus:
281 1921 349 1958 Omne
366 1921 439 1957 datum
454 1920 561 1964 optimum
578 1925 599 1958 et
614 1931 678 1959 omne
695 1921 776 1958 donum
792 1920 862 1964 pert-

35 1993 92 2028 ctum
107 1992 219 2030 desursum
235 1995 272 2036 est,
283 1993 424 2030 descendens
441 2003 452 2030 a
468 1995 529 2037 patre
544 1993 686 2037 1111111111111149;
705 2004 731 2030 ne
748 1993 862 2037 quisquam

36 2062 93 2100 dicat
109 2065 192 2102 meritis
209 2075 299 2108 operum
317 2075 410 2108 suorum,
427 2065 460 2101 vel
477 2065 561 2102 meritis
578 2065 702 2103 orationum
718 2075 811 2108 suarum,
829 2065 862 2102 vel

35 2135 117 2173 meritis
129 2136 180 2175 fidei
195 2148 251 2182 suae,
266 2137 309 2174 sihi
322 2137 424 2174 traditam
437 2137 478 2174 Dei
493 2136 590 2181 gratiam,
607 2140 627 2175 et
641 2139 728 2181 putetur
743 2148 818 2175 verum
832 2148 863 2174 es-

35 2217 56 2243 se
70 2209 128 2251 quod
142 2209 175 2246 illi
188 2208 292 2247 haeretici
309 2208 390 2254 dicunt,
404 2209 495 2252 gratiam
508 2210 548 2246 Dei
562 2210 682 2247 secundum
696 2203 862 2263 merita-nostra

34 2308 176 2317 Ἣ

81 2367 98 2388 4³
112 2364 144 2397 Nr.
157 2365 188 2404 193
202 2366 235 2398 ML
248 2365 276 2404 33,
288 2365 322 2398 880
334 2376 348 2398 s.

82 2425 174 2457 ’1411111111
189 2426 217 2463 16,
231 2425 253 2458 27
266 2428 284 2458 ct
297 2426 346 2458 Rom
361 2426 376 2464 2,
391 2426 406 2458 6.

82 2488 99 2508 45
112 2485 155 2523 Eph
168 2486 184 2523 2,
197 2485 225 2518 10,

82 2545 146 2577 461111,
161 2545 189 2584 33,
205 2546 245 2579 969.

82 2607 99 2627 4⁷
112 2604 174 2643 Epist.
189 2606 233 2644 214;
248 2606 281 2639 ML
295 2606 323 2645 33,
339 2606 378 2639 968.

82 2667 99 2688 4⁶
113 2664 144 2697 Nr.
158 2666 225 2704 3;n1L
239 2666 268 2705 33,
282 2667 322 2699 9119.

81 2726 99 2748 4⁰
112 2723 172 2764 lael,
184 2725 212 2759 17,
