1952 3093
406 22 513 60 ..55-

50 142 138 186 gelidus,
155 153 182 179 an
198 141 270 185 potius
286 142 353 178 animi
367 145 444 179 motus
460 142 501 180 Sed
517 143 554 187 qui
570 144 730 187 suprapositam
747 142 793 179 divi
809 142 877 186 Augu-

50 215 102 251 stini
122 214 269 252 definitionem
291 215 405 258 diligenter
425 215 544 259 attendunt,
563 227 605 260 qua
624 216 663 253 ait:
687 214 802 253 Caritatem
823 226 877 252 voco

51 288 118 324 animi
127 291 209 324 motum
220 288 247 324 ad
258 288 374 324 fruendum
384 288 429 325 Deo
440 291 529 331 propter
539 288 634 332 seipsum
645 292 665 326 et
675 289 776 332 proximo
787 290 878 331 propter

50 361 127 405 Deum;
146 372 195 397 cum
213 361 260 397 aliis
278 361 408 397 testimoniis
425 360 503 405 quibus
520 361 633 399 manifeste
651 364 746 405 testatur,
765 360 877 398 caritatem

51 433 106 469 nihil
118 434 176 470 aliud
187 444 233 470 esse
244 444 308 477 quam
317 434 395 471 honam
406 434 543 478 voluntatem,
555 445 596 478 qua
607 435 634 471 ad
644 435 711 471 Deum
724 433 877 475 convertimur,

50 506 75 542 de
84 516 126 549 qua
136 504 166 542 ait
174 505 300 548 Apostolus:
311 505 370 550 quod
379 506 436 542 Deus
446 509 548 549 operetur
557 506 580 542 in
590 506 653 543 nobis
662 507 726 550 relle3
738 506 802 542 facile
813 505 874 542 intel-

49 578 123 621 ligunt,
133 577 222 614 nomine
231 578 328 614 caritatis
336 588 380 614 non
391 581 434 614 tam
443 578 541 615 habitum
551 589 614 621 quam
624 581 706 615 motum
715 578 831 622 quemdam
840 577 875 614 de-

48 649 99 687 bere
115 649 207 693 intelligi
224 660 292 694 aquo
308 649 361 687 honi
378 661 423 687 esse
440 650 539 694 dicimur,
556 662 580 687 ac
597 651 689 693 proinde
705 661 748 688 nou
765 650 874 687 immerito

50 721 151 765 dubitari,
165 725 237 759 utrum
251 722 329 760 caritas
342 722 367 758 in
381 723 409 759 iis
423 726 506 760 tantum
520 723 641 765 reperiatur
654 724 690 766 qui
705 723 748 760 iam
763 721 875 760 consecuti

50 797 99 831 sunt
113 795 264 831 remissionem
281 798 426 837 peccatorum,
444 805 471 831 an
489 795 553 831 etiam
571 796 592 831 in
612 795 772 832 cathecumenis
789 798 808 832 et
825 794 874 832 aliis

49 866 217 910 poenitentibus,
233 868 270 910 qui
287 870 336 904 ante
353 867 503 904 remissionem
521 870 659 910 peccatorum
676 868 845 910 praeveniuntur
863 877 875 902 a

48 938 93 975 Deo
104 938 177 975 multis
186 938 250 975 bonis
261 938 363 982 motibus;
374 950 423 975 nam
433 939 491 983 quod
502 939 580 976 caritas
592 939 655 976 etiam
667 942 715 976 ante
724 939 875 976 remissionem

21 1016 23 1019 '
50 1013 189 1053 peccatorum
205 1012 228 1047 in
243 1011 316 1048 multis
331 1011 461 1055 inveniatur,
478 1012 509 1048 sic
525 1011 611 1048 videtur
627 1012 712 1048 ostendi
721 1024 731 1048 »
740 1015 764 1047 1⁰.

104 1083 186 1121 Caritas
199 1094 242 1121 non
258 1095 342 1126 semper
356 1088 399 1122 tota
413 1085 481 1127 datur,
497 1085 534 1121 sed
549 1087 571 1120 in
586 1084 750 1127 proficientibus
763 1084 879 1128 particula-

52 1157 91 1192 tim
105 1156 216 1194 accrescit.
231 1156 310 1193 «Patet
323 1157 389 1200 igitur
401 1157 497 1194 caritatis
511 1157 598 1194 initium
612 1160 663 1194 tunc
676 1157 761 1194 homini
776 1157 878 1199 conferri,

53 1229 139 1273 qnando
152 1229 177 1266 ah
189 1229 315 1266 infidelitate
327 1232 362 1266 aut
373 1230 428 1266 mala
440 1230 549 1266 voluntate
560 1240 676 1266 conversus
688 1229 767 1272 incipit
778 1229 833 1266 velle
842 1230 879 1266 bo-

54 1312 111 1345 num,
126 1302 149 1338 id
164 1305 200 1344 esi,
215 1302 269 1338 velle
283 1303 354 1339 iacere
367 1302 406 1338 Dei
421 1302 552 1344 mandatum,
566 1302 602 1345 qui
617 1302 678 1345 prius
693 1302 778 1338 volebat
792 1302 879 1344 malum,

54 1374 76 1410 id
92 1377 129 1417 est,
143 1383 186 1410 non
202 1374 241 1410 Dei
257 1374 294 1410 sed
310 1385 370 1410 suum
386 1374 457 1411 tacere
471 1375 581 1416 placitum,
597 1374 655 1417 quod
669 1374 725 1410 nihil
741 1374 800 1410 aliud
815 1385 879 1418 quam

54 1444 209 1488 concupiscere
227 1448 267 1489 est;
287 1448 349 1489 atque
368 1445 479 1482 caritatem
498 1448 549 1482 tunc
568 1448 625 1482 recte
644 1445 773 1489 nuncupari,
791 1445 878 1489 quando

54 1519 98 1555 Deo
117 1522 246 1562 cooperante
263 1521 345 1555 tuntum
363 1518 442 1561 accipit
461 1518 624 1561 incrementum,
642 1520 665 1554 ut
684 1521 703 1555 et
720 1519 822 1555 mandata
840 1518 880 1555 Dei

55 1591 126 1634 iaciat,
139 1594 158 1628 et
171 1591 307 1634 cupiditates¹
320 1601 374 1635 quae
386 1591 446 1634 prius
461 1602 508 1628 eum
522 1591 544 1626 in
559 1590 675 1628 sceleribus
689 1589 820 1633 detinebant,
834 1590 880 1626 vin-

55 1666 94 1703 cat,
107 1664 151 1700 sive
164 1664 218 1700 haec
230 1675 269 1706 per
281 1663 413 1707 baptismum
426 1666 462 1700 aut
475 1662 675 1700 reconciliationem
689 1663 779 1700 remissa
793 1662 880 1705 fuerint,

56 1737 100 1772 sive
115 1746 165 1773 non.
181 1736 235 1779 Quia
250 1737 269 1772 si
284 1736 332 1779 quis
348 1733 418 1779 diligit
432 1747 471 1778 me,
487 1735 564 1779 inquit,
581 1745 690 1772 sermones
704 1745 763 1772 meos
780 1735 880 1777 servabit,

56 1812 75 1845 et
91 1809 128 1851 qui
144 1818 187 1845 non
204 1808 274 1851 diligit
289 1819 328 1852 me,
346 1818 455 1845 sermones
470 1818 528 1844 meos
545 1816 588 1844 non
606 1810 727 1844 servatsn.

105 1880 170 1918 Libro
184 1880 202 1917 2.
217 1880 260 1924 agit
273 1881 299 1917 de
312 1880 401 1918 iustitia.
415 1879 561 1917 «Rectissime
576 1879 632 1916 dixit
645 1879 745 1923 quidam:
761 1878 845 1916 Iustitia
858 1879 880 1915 in

56 1964 101 1990 sese
119 1953 209 1990 virtutes
228 1953 324 1990 continet
342 1963 426 1997 omnes;
445 1951 552 1997 siquidem
569 1955 593 1989 ut
611 1951 640 1989 ait
657 1951 683 1988 D.
702 1950 878 1995 Chrysostomus:

55 2025 115 2062 Nihil
128 2026 187 2063 aliud
200 2029 231 2063 est
244 2024 333 2069 iustitia,
346 2036 410 2069 quam
423 2025 519 2063 omnium
533 2024 684 2061 mandatorum
699 2024 763 2067 plena
777 2023 881 2066 custodia,

56 2109 109 2142 quae
126 2098 172 2136 sine
189 2098 293 2135 virtutum
310 2099 407 2136 omnium
422 2097 533 2142 praesidio
551 2098 650 2135 constare
666 2106 711 2134 non
728 2098 806 2141 potest.
823 2096 881 2133 Haec

56 2171 131 2209 eadem
146 2170 169 2208 in
185 2170 304 2215 Scripturis
319 2170 387 2208 sacris
403 2170 446 2208 alio
461 2170 549 2208 nomine
565 2168 629 2207 etiam
646 2169 725 2207 caritas
741 2180 778 2206 seu
794 2167 882 2206 dilectio

55 2245 198 2287 nuncupatur,
209 2242 260 2288 quia
270 2242 308 2288 qui
320 2241 392 2287 diligit
401 2242 525 2286 proximum
535 2242 603 2285 legem
615 2241 721 2285 implevit,
734 2243 754 2279 et
765 2240 879 2285 plenitudo

56 2316 109 2360 legis
121 2318 153 2354 est
162 2316 257 2354 dilectio.
267 2316 330 2354 Unde
339 2315 426 2360 August.
438 2316 464 2353 de
475 2317 552 2352 natura
562 2317 583 2352 et
592 2314 667 2358 gratia,
679 2313 762 2352 Caritas
773 2313 882 2356 inchoata,

56 2388 133 2433 inquit,
146 2388 249 2426 inchoata
260 2387 343 2426 iustitia
357 2391 399 2426 est:
415 2388 494 2426 caritas
508 2396 590 2431 magna,
605 2396 682 2431 magna
695 2385 778 2424 iustitia
792 2387 834 2423 est:
849 2396 882 2422 ca-

58 2460 109 2498 ritas
123 2463 232 2505 provecta,
246 2463 349 2504 provecta
362 2459 444 2498 iustitia
460 2462 501 2498 est:
519 2458 597 2497 caritas
612 2458 716 2502 perfecta,
730 2458 828 2503 perfecta
841 2457 882 2494 ius-

104 2634 122 2656 1⁰
135 2630 181 2670 Cap.
194 2629 212 2670 7;
225 2638 268 2671 pag.
280 2631 303 2664 96
314 2641 349 2670 ss.;
362 2631 387 2665 ci.
398 2641 453 2671 prop.
465 2630 526 2671 31-33‚
538 2630 566 2664 to.

104 2693 123 2717 11
136 2690 182 2732 Cap.
193 2691 213 2731 95
224 2698 267 2732 pag.
280 2690 320 2725 1⁰2.
