1952 3093
442 19 563 62 —200-

90 144 153 179 malos
165 143 214 174 bene
227 143 281 174 tacit.
294 142 417 181 Quapropter
430 141 467 173 dici
480 151 520 174 non
532 145 598 180 potest
609 143 707 180 quantum
718 143 737 172 te
751 141 790 173 ista
801 140 861 173 fallat
873 142 915 179 opi-

90 204 130 241 nio,
146 213 185 241 qua
201 202 269 234 dixisti
286 211 371 234 «omnes
381 202 471 237 ,virtutes
488 202 570 234 allectus
585 211 633 240 esse,
649 210 683 239 per
699 210 748 240 quos
765 200 866 233 fructuose
882 206 915 234 aut

90 263 185 295 steriliter
192 263 240 294 boni
251 271 320 294 sumus
328 272 343 294 ».
353 262 404 294 Fieri
415 262 469 294 enim
477 271 517 294 non
528 264 593 300 potest
602 263 625 293 ut
634 261 729 293 steriliter
737 260 785 293 boni
797 261 869 293 simus:
882 263 916 294 sed

90 323 137 355 boni
150 332 189 354 non
203 332 272 354 sumus
286 322 383 361 quidquid
398 322 492 354 steriliter
505 309 582 354 sumus
592 321 655 353 Arbor
666 322 719 354 enim
732 321 785 353 bona
797 321 859 353 bonos
874 321 916 354 fru-

91 387 133 418 ctus
148 384 201 414 facit.
216 384 272 415 Absit
286 385 352 414 autem
367 386 389 415 ut
402 383 453 415 Deus
467 383 538 421 bonus,
552 392 563 414 a
576 392 615 421 quo
630 383 703 414 securis
716 384 798 420 paratur
812 381 915 415 arboribus

91 453 130 475 non
149 443 269 475 iacientibus
288 443 474 481 fructumbonum,
493 442 576 481 excidat,
594 445 613 474 et
631 442 651 473 in
669 442 734 481 ignem
752 442 819 474 mittat
838 441 916 475 arbores

91 504 159 535 bonas.
177 503 236 535 Nullo
254 503 312 535 modo
330 504 391 541 igitur
406 503 497 535 homines
515 505 561 535 sunt
577 502 672 535 steriliter
689 501 747 534 boni:
766 503 799 534 sed
817 502 851 541 qui
869 502 916 534 boni

91 574 131 596 non
146 566 198 602 sunt,
212 566 296 601 possunt
311 573 352 596 esse
368 564 403 598 alii
418 563 490 601 minus,
504 563 539 595 alii
553 563 615 601 magis
629 562 677 595 mali
685 573 695 595 »
701 566 730 588 '182
737 563 767 594 bie.

139 625 163 656 Et
175 633 219 655 cum
231 624 321 656 Iulianus
335 625 417 656 dixisset
430 624 525 655 steriliter
537 623 600 655 bonos
613 623 709 662 homines,
723 634 732 654 «
740 623 774 662 qui
786 634 826 656 non
838 626 918 662 propter

92 684 154 716 Deum
168 670 258 716 iaciendo
270 684 323 716 bona
336 694 385 723 quae
398 684 480 722 iaciunt,
493 693 532 715 non
547 684 571 716 ab
584 694 606 716 co
619 683 682 715 vitam
695 687 843 722 consequuntur
856 685 918 718 aeter,-

91 754 138 782 nam
146 755 162 781 »‚
175 745 297 782 Augustinus
308 745 422 783 respondet:
438 744 510 777 «Certe
523 745 618 782 quoniam
631 743 803 776 saltemvconcedis
816 753 875 782 opera
887 743 918 776 in-

92 805 185 842 fidelium,
198 814 248 843 quae
259 805 296 836 tibi
309 814 377 837 eorum
388 804 481 836 videntur
490 804 548 842 bona,
559 814 599 836 non
611 808 678 836 tamen
690 814 722 836 eos
735 804 759 836 ad
771 804 856 837 salutem
868 813 918 836 sem-

92 866 191 903 piternam
205 873 325 904 regnumque
337 865 450 903 perducere;
466 865 515 896 scito
528 874 565 897 nos
579 864 630 896 illud
644 864 719 896 bouum
731 864 836 897 hominum
850 864 918 903 dicere,

93 925 150 957 illam
163 925 288 957 voluntatem
300 925 380 964 bonam,
393 924 444 956 illud
456 934 506 963 opus
519 924 600 963 bonum,
614 925 656 957 sine
670 924 705 956 Dei
718 924 782 963 gratia
796 934 846 964 quae
861 925 919 957 datur

93 995 127 1023 per
139 994 201 1017 unum
213 985 341 1018 Mediatorem
353 985 388 1017 Dei
402 987 421 1017 et
433 984 544 1023 hominum,
557 984 632 1017 nemini
644 994 702 1023 posse
714 984 805 1024 conferri,
818 995 853 1024 per
866 986 918 1024 quod

94 1046 158 1077 solum
171 1045 230 1077 homo
243 1047 308 1084 potest
321 1045 345 1077 ad
359 1047 458 1077 aeternam
472 1045 507 1077 Dei
521 1044 601 1077 domum
614 1052 735 1084 regnumque
748 1045 834 1083 perduci.
848 1045 918 1078 Omnia

94 1106 176 1143 proinde
191 1108 268 1137 caetera
282 1115 332 1144 quae
347 1105 439 1137 videntur
454 1105 507 1137 inter
521 1104 612 1137 homines
627 1104 696 1137 haberi
713 1105 789 1144 aliquid
804 1105 875 1144 laudis,
890 1106 919 1137 vi-

95 1167 179 1198 deantur
196 1166 232 1197 tihi
251 1166 335 1198 virtutes
353 1175 415 1203 verae,
433 1166 539 1197 videantur
556 1175 615 1204 opera
632 1164 690 1204 bona,
708 1168 727 1197 et
745 1165 787 1197 sine
805 1166 847 1197 ullo
866 1165 919 1198 tacta

95 1228 179 1264 peccato.
194 1226 250 1264 Quod
264 1226 288 1258 ad
303 1234 334 1257 me
347 1226 439 1264 pertinet,
452 1226 489 1257 hoe
504 1226 549 1263 scio,
563 1226 610 1265 quia
623 1235 662 1257 non
677 1236 699 1258 ea
714 1226 763 1258 tacit
777 1226 870 1258 voluntas
885 1226 919 1259 bo-

95 1296 130 1323 na:
148 1286 241 1318 voluntas
258 1286 331 1325 quippe
347 1286 432 1317 infidelis
450 1289 508 1324 atque
524 1286 586 1325 impia
602 1295 642 1318 non
658 1289 688 1319 est
704 1286 762 1319 bona.
778 1286 875 1318 Dicantur
891 1296 920 1319 se-

95 1347 181 1378 cundum
200 1348 219 1377 te
240 1346 355 1378 huiusmodi
377 1346 500 1378 voluntates
513 1346 591 1378 arbores
611 1346 680 1385 bonae,
701 1345 772 1379 sufficit
794 1347 846 1386 quod
869 1348 920 1385 apud

95 1407 157 1438 Deum
171 1407 247 1438 steriles
261 1408 313 1444 sunt,
327 1416 349 1438 ac
363 1416 398 1445 per
411 1406 448 1438 hoc
462 1415 501 1438 non
516 1406 588 1444 bonae3
605 1406 645 1438 sint
660 1406 712 1438 inter
725 1406 816 1439 homines
832 1407 920 1440 fructuo-

96 1477 134 1504 sae,
152 1467 204 1498 inter
220 1476 269 1505 quos
287 1469 334 1498 sunt
350 1469 369 1498 et
386 1467 456 1505 bonae,
473 1469 493 1498 te
511 1469 595 1505 auctore,
613 1470 632 1498 te
650 1467 758 1505 laudatore,
777 1468 794 1499 si
812 1468 842 1499 vis
860 1467 920 1499 etiam

95 1528 216 1566 plantatore;
234 1527 281 1558 dum
297 1530 363 1558 tamen
378 1526 430 1558 illud
445 1527 495 1559 velis
511 1526 564 1559 nolis
581 1527 687 1567 obtineam,
704 1527 757 1567 quod
774 1537 829 1560 amor
845 1528 920 1567 mundi,

96 1597 134 1626 quo
148 1587 232 1625 quisque
247 1587 322 1619 amicus
335 1590 365 1619 est
379 1587 439 1619 huius
453 1587 529 1626 mundi,
543 1596 583 1620 non
598 1590 628 1619 est
644 1597 654 1619 a
668 1587 717 1626 Deo;
733 1596 827 1627 amorque
841 1588 920 1621 fruendi

95 1648 252 1686 quibuscumque
261 1647 357 1679 creaturis
368 1647 411 1680 sine
422 1656 487 1680 amore
499 1647 602 1686 Creatoris
612 1657 652 1680 non
663 1651 693 1680 est
704 1658 715 1681 a
726 1648 775 1686 Deo;
788 1657 843 1681 amor
854 1650 920 1681 autem

95 1707 130 1739 Dei
143 1717 181 1745 quo
195 1707 309 1745 pervenitur
323 1707 347 1740 ad
359 1708 427 1745 Deum,
439 1716 479 1740 non
494 1710 523 1739 est
536 1707 575 1740 nisi
591 1718 602 1740 a
615 1708 654 1740 Deo
669 1707 726 1741 Patre
740 1718 775 1746 per
786 1709 851 1741 Iesum
865 1708 920 1741 Chri-

96 1770 148 1799 stum
161 1776 206 1799 cum
220 1767 294 1806 Spiritu
308 1770 382 1800 sancto.
396 1767 433 1799 Per
445 1768 497 1799 hunc
511 1777 598 1800 amorem
611 1768 709 1801 Creatoris
722 1768 771 1800 bene
784 1769 868 1808 quisque
882 1770 921 1801 uii-

96 1831 129 1860 iur
140 1827 200 1859 ctiam
212 1827 313 1859 creaturis.
325 1827 370 1861 Sine
383 1827 419 1860 hoc
432 1837 498 1860 amore
511 1827 615 1867 Creatoris,
627 1827 689 1861 nullis
703 1829 809 1868 quisquam
821 1830 870 1861 bene
882 1830 921 1861 uti-

95 1890 128 1919 tur
139 1888 234 1920 creaturis
242 1890 292 1919 tm.
574 1927 576 1929 ‚

144 1948 174 1979 lta
186 1957 200 1979 s.
213 1948 335 1986 Augustinus
347 1958 369 1980 eo
382 1948 431 1986 loco,
442 1949 462 1980 in
474 1958 512 1987 quo
525 1948 547 1980 de
560 1949 659 1981 industria
670 1948 721 1981 hanc
733 1950 869 1988 quaestionem
881 1952 921 1983 tra-

96 2010 141 2047 ctat.
154 2008 254 2046 Imprimis
265 2009 346 2046 apparet
357 2017 403 2040 eum
413 2008 468 2047 loqui
481 2008 504 2040 de
516 2008 591 2041 actibus
603 2008 714 2042 infidelium
724 2018 777 2041 mere
789 2009 921 2049 naturalibus,

97 2069 139 2100 sine
153 2067 217 2106 gratia
232 2068 300 2106 iactis;
316 2077 364 2101 nam
379 2071 516 2106 argumentum
531 2068 640 2107 principale
656 2072 695 2102 est:
714 2069 730 2102 si
747 2069 870 2102 inveniretur
885 2069 922 2102 ali-

97 2129 144 2169 quid
158 2128 211 2166 boni,
225 2130 275 2160 esset
291 2128 333 2160 sine
348 2128 418 2166 gratia,
433 2131 452 2160 et
467 2128 557 2160 Christus
572 2129 633 2167 gratis
648 2132 738 2162 mortuus
754 2133 811 2162 esset>
826 2130 861 2162 His
876 2138 921 2169 ergo

97 2197 131 2226 per
144 2198 164 2220 se
178 2187 230 2220 nihil
243 2188 316 2220 dicitur
330 2189 353 2220 de
368 2188 445 2220 actibus
460 2188 576 2228 infidelium,
591 2189 625 2228 qui
639 2190 700 2227 positi
715 2192 781 2222 essent
794 2190 831 2223 sub
846 2190 921 2223 influxu

97 2249 177 2288 gratiae.
191 2248 294 2281 Praeterea
306 2248 428 2287 Augustinus
444 2248 537 2287 supponit
551 2249 639 2281 infideles
655 2258 709 2288 agere
723 2250 826 2283 voluntate
841 2250 922 2289 infideli,

97 2309 165 2347 impia,
180 2311 199 2340 et
214 2308 260 2341 hinc
275 2317 343 2341 eorum
359 2311 414 2345 actus
428 2318 470 2350 esse
484 2311 568 2347 peccata.
583 2310 675 2342 Defectus
689 2310 771 2343 illorum
786 2313 872 2349 actuum,
887 2312 921 2350 qui

97 2369 189 2406 uidentur
204 2378 246 2401 esse
260 2369 351 2408 virtuosi,
366 2369 386 2400 in
402 2378 424 2400 eo
439 2371 474 2407 est,
489 2369 541 2407 quod
555 2379 594 2402 non
610 2369 659 2401 bene
674 2370 727 2402 lacta
742 2373 794 2410 sunt,
810 2371 857 2410 quia
872 2370 922 2404 fiunt

96 2432 176 2472 propter
187 2429 245 2466 linem
259 2429 334 2465 malum
350 2429 399 2467 (non
409 2427 493 2472 gloriari
506 2430 533 2464 in
541 2429 586 2468 Deo,
600 2430 690 2469 avaritia,
703 2430 801 2470 superbia,
815 2431 922 2470 voluptas).

97 2489 184 2521 Tandem
200 2490 321 2527 Augustinus
337 2490 391 2522 bona
406 2498 465 2527 opera
481 2489 576 2527 intelligit
592 2500 651 2528 opera
666 2490 778 2528 iructuosa;
795 2501 854 2530 opera
870 2491 923 2525 bona

145 2615 204 2643 isatis
216 2616 249 2648 ML
263 2616 291 2654 44,
306 2616 346 2649 749.

146 2679 171 2701 15³
185 2676 217 2708 Nr.
229 2676 260 2714 333
274 2676 308 2707 llL
320 2676 348 2715 44,
363 2677 396 2708 755
409 2687 424 2709 s.
