1952 3093
430 49 556 85 „35-

92 169 141 204 dam
155 170 278 211 separatum
293 170 400 213 anatum,
415 168 474 212 quod
489 168 515 205 ab
530 171 589 206 extra
605 167 689 206 accedit
704 172 724 207 et
739 169 785 207 siue
801 170 918 209 violatione

91 242 179 276 naturae
192 243 263 283 potest
274 240 353 277 iterum
365 241 439 278 adimi.
453 241 523 284 Quare
536 241 647 284 disputant
661 243 687 279 de
699 243 787 279 homine
800 247 820 280 et
835 244 918 281 daemo-

91 310 162 357 nibus,
178 312 242 357 quod,
260 312 299 349 etsi
316 312 444 356 originalem
461 312 570 350 iusticiam
588 314 706 357 amiserint,
724 317 795 351 tamen
812 316 919 352 naturalia

91 396 145 428 pura
160 385 286 430 manserint,
301 387 357 424 sicut
370 387 434 424 initio
449 386 538 424 condita
553 392 608 425 sunt.
622 387 664 425 Sed
677 387 731 425 haec
747 388 853 426 sententia
868 389 919 434 quia

93 461 204 499 peccatum
220 458 311 501 originis
327 462 434 502 extenuat,
452 470 491 496 ceu
506 470 613 495 venenum
631 459 734 502 fugienda
749 464 787 498 est.
804 460 860 503 Quin
877 461 919 498 hoc

93 534 216 574 statuamus,
232 530 342 569 iusticiam
359 542 403 569 non
421 532 488 569 tuisse
506 531 615 576 quoddam
634 532 720 575 donum,
738 532 797 577 quod
815 533 841 570 ab
859 536 919 570 extra

92 604 205 641 accederet
219 607 342 647 separatum
357 616 368 641 a
381 608 458 642 natura
471 605 578 642 hominis:
596 605 633 642 sed
647 605 714 642 fuisse
728 617 778 643 uere
793 606 919 649 naturalem,

93 676 122 712 ita
131 678 155 713 ut
163 679 239 713 natura
247 676 306 713 Adae
317 680 372 713 esset
381 677 471 720 diligere
480 677 555 719 Deum,
565 677 654 713 credere
662 677 713 719 Deo,
725 686 841 719 agnoscere
851 678 919 714 Deum

93 751 133 786 etc.
147 749 205 787 Haec
220 752 264 787 tam
278 749 386 787 naturalia
401 750 461 787 tuere
476 750 499 787 in
513 749 602 793 Adamo‚
617 761 681 794 quam
697 750 793 787 naturale
809 753 846 794 est,
862 751 920 794 quod

93 821 150 858 oculi
164 822 237 858 lumen
250 823 366 864 recipiunt,
382 822 435 865 Quia
451 825 527 864 autem,
543 823 561 858 si
576 823 661 858 oculum
675 822 781 859 viciosum
795 823 874 859 reddas
889 824 920 858 in·

92 892 151 931 tlicto
164 894 259 937 vulnere,
273 896 331 931 recte
344 893 404 931 dicas
417 897 516 931 naturam
529 893 631 931 violatam
646 904 698 939 esse,
711 893 742 930 ita
755 896 869 938 postquam
883 894 920 940 ho,-

94 978 129 1004 mo
144 979 170 1004 ex
185 967 273 1005 iusticia
288 968 311 1004 in
327 970 440 1010 peccatum
455 968 528 1011 lapsus
544 971 582 1010 est,
598 970 656 1004 recte
671 970 691 1004 et
705 977 755 1004 vere
772 966 862 1004 dicitur:
881 967 920 1004 Na-

94 1039 172 1075 turalia
189 1049 233 1075 non
251 1039 335 1081 integra
352 1039 389 1075 sed
408 1041 510 1082 corrupta
528 1050 574 1075 esse
591 1050 631 1081 per
647 1041 766 1082 peccatum.
786 1039 845 1075 Sicut
863 1040 921 1075 enim

94 1115 169 1149 natura
184 1112 242 1149 oculi
255 1116 286 1149 est
301 1111 381 1157 videre,
395 1112 424 1149 ita
439 1113 515 1148 natura
531 1110 622 1148 rationis
636 1114 656 1149 et
669 1110 785 1148 voluntatis
801 1111 824 1147 in
839 1109 920 1148 Adamo

95 1184 136 1221 luit
151 1195 214 1221 nosse
228 1185 303 1227 Deum,
318 1184 384 1220 fidere
400 1185 451 1227 Deo,
465 1185 541 1220 timere
556 1184 631 1221 Deum.
647 1184 704 1220 Haec
719 1195 768 1220 cum
784 1184 826 1220 iam
843 1185 921 1222 amissa

95 1266 141 1293 esse
154 1259 243 1300 constet,
254 1256 302 1300 quis
314 1259 356 1292 tam
370 1266 443 1292 amens
456 1258 493 1299 est,
505 1256 542 1299 qui
554 1256 618 1299 dicat,
629 1255 736 1291 naturalia
749 1255 820 1292 adhuc
833 1266 878 1292 esse
890 1256 921 1291 in-

95 1329 167 1373 tegra?
179 1328 205 1366 Et
215 1332 286 1367 tamen
298 1329 339 1366 hac
352 1329 458 1366 sententia
470 1328 493 1365 11
506 1327 590 1366 Scholis
604 1328 659 1365 nihil
672 1328 713 1365 luit
724 1326 824 1365 usitatius
837 1338 877 1365 nec
891 1339 922 1365 re-

96 1401 185 1444 ceptius.
200 1402 283 1445 Quanto
298 1404 368 1437 autem
381 1400 496 1437 absurdius
510 1404 542 1437 est
555 1400 596 1436 hoc
610 1401 636 1436 de
649 1400 794 1436 Daemonibus
809 1400 921 1443 affirmare,

95 1485 149 1518 quos
164 1471 262 1511 Christus
278 1473 332 1510 dicit
346 1473 369 1509 in
382 1473 472 1510 veritate
487 1481 531 1510 non
547 1472 631 1509 stetisse
647 1475 667 1509 et
681 1482 734 1516 quos
749 1471 849 1509 nouimus
865 1482 922 1508 acer-

96 1547 163 1583 rimos
177 1546 250 1583 hostes
266 1557 312 1583 esse
329 1545 409 1582 Christi
424 1548 444 1582 et
458 1544 581 1582 Ecclesiae?
596 1544 681 1588 Integra
698 1545 803 1581 naturalia
819 1544 884 1588 igitur
899 1545 921 1581 in

95 1617 184 1654 homme
197 1617 285 1654 luerunt
299 1617 393 1660 cognitio
405 1617 452 1660 Dei,
465 1615 525 1659 fides,
539 1617 604 1653 timor
618 1618 657 1653 etc.
672 1616 729 1652 Haec
743 1616 806 1653 Satan
821 1627 860 1659 per
873 1627 922 1658 pec-

97 1695 168 1728 catum
184 1691 214 1727 ita
230 1690 334 1733 corrupit,
351 1692 380 1732 ut,
398 1689 454 1726 sicut
469 1688 530 1731 lepra
546 1699 633 1725 carnem
648 1687 723 1731 inficit,
741 1687 770 1724 ita
787 1688 886 1725 voluntas
903 1691 923 1726 et

97 1763 152 1799 ratio
167 1773 206 1805 por
221 1765 334 1805 peccatum
351 1761 383 1797 sic
398 1761 473 1798 vitiata
490 1764 527 1805 est,
543 1765 566 1797 ut
582 1771 625 1797 non
642 1761 710 1797 solum
727 1770 771 1797 non
789 1760 864 1803 diligat
881 1772 923 1797 arn-

97 1834 154 1878 plius
168 1834 237 1871 Deum
254 1833 292 1871 sed
309 1844 357 1871 eum
373 1832 441 1876 fugiat
457 1835 477 1869 et
494 1832 564 1869 oderit
581 1843 627 1869 eum
644 1835 664 1869 et
681 1833 754 1874 cupiat
772 1832 818 1868 sine
836 1843 860 1869 eo
877 1843 922 1869 esse

98 1910 118 1944 et
132 1906 206 1944 vivere
214 1919 224 1943 »
233 1910 257 1943 n,

150 1980 216 2016 Totus
230 1979 295 2016 homo
310 1982 399 2022 peccato
415 1978 531 2016 obstrictus
547 1980 584 2020 est,
599 1982 619 2015 ct
633 1977 739 2021 quidquid
755 1976 814 2020 facit,
830 1981 861 2014 est
875 1988 924 2020 pec-

98 2055 175 2088 catum.
190 2064 201 2088 «
210 2050 364 2089 Concludimus
379 2059 429 2093 ergo
443 2049 605 2087 uniuersaliter:
623 2049 684 2092 Quod
698 2049 763 2086 homo
779 2048 825 2085 sine
842 2048 923 2092 Spiritu

99 2128 173 2162 sancto
189 2127 209 2162 et
224 2124 271 2161 sine
285 2123 354 2168 gratia
367 2122 423 2160 nihil
437 2124 508 2166 potest
524 2123 595 2159 tacere
609 2132 673 2165 quarn
688 2132 779 2165 peccare
796 2124 816 2158 et
831 2121 861 2157 ita
875 2131 923 2164 pro-

98 2196 195 2240 greditur
207 2197 230 2233 in
243 2196 358 2239 infinitum,
372 2196 398 2232 de
412 2197 501 2238 peccato
514 2194 537 2230 in
550 2197 683 2237 peccatum...
697 2193 724 2229 Hi
738 2203 813 2230 omnes
824 2193 868 2230 loci
881 2203 924 2229 ma-

98 2268 155 2306 xime
167 2269 277 2312 generales
291 2272 371 2305 suntet
384 2266 502 2305 fortissime
516 2265 648 2303 concludunt
661 2276 701 2309 pro
713 2264 787 2302 nohis:
804 2264 865 2308 Quod
877 2264 924 2301 sine

100 2341 181 2385 Spiritu
197 2344 277 2385 sancto,
295 2341 355 2377 cuius
371 2340 462 2383 largitor
479 2339 536 2376 solus
553 2338 650 2376 Christus
666 2340 704 2381 est,
720 2338 786 2374 homo
804 2336 863 2374 aliud
880 2347 923 2373 non

98 2414 168 2457 possit
181 2423 245 2457 quam
260 2423 331 2450 errare
346 2415 367 2449 et
380 2422 478 2455 peccare.
492 2410 544 2447 Ideo
558 2409 655 2447 Christus
670 2420 754 2453 quoque
767 2409 791 2445 in
805 2408 921 2451 Evangelio

101 2485 164 2523 dicit:
182 2485 226 2530 Ego
243 2496 289 2522 sum
304 2484 361 2528 vitis,
374 2488 414 2522 ‘vos
430 2483 540 2527 palmitem
556 2482 602 2519 sine
618 2493 652 2519 me
668 2481 725 2518 nihil
741 2480 830 2525 potestis
846 2480 923 2518 tacere.

150 2643 225 2674 191111
241 2641 276 2675 lib.
290 2643 343 2675 Mose
358 2642 493 2675 enarrationes
511 2642 566 2679 (1535
581 2642 621 2680 ss).
637 2643 670 2681 Op.
687 2643 754 2676 omnia
769 2643 797 2679 42,
813 2643 845 2675 123
862 2653 886 2681 s.;
902 2644 925 2675 ct'.

102 2704 169 2735 Enarr.
182 2703 256 2735 Psalmi
269 2704 289 2735 51
306 2702 376 2740 (1532).
389 2703 423 2741 Op.
436 2703 503 2735 onmia
516 2702 562 2741 402,
575 2702 609 2735 323
623 2714 637 2735 s.
