1952 3093
418 24 539 62 -188-

66 87 274 144 apameam

119 146 215 189 vazquez
230 155 279 189 ergo
293 146 444 183 necessitatem
459 146 559 189 «gratiae
568 158 578 182 »
593 157 637 183 non
653 157 678 183 ex
693 146 783 190 speciali
798 146 891 190 quadam

66 217 190 255 infirmitate
201 217 297 255 hominis
310 218 332 254 in
343 220 400 254 statu
412 222 501 255 naturae
512 219 586 262 lapsae
598 218 687 261 derivat,
701 218 739 256 sed
751 229 820 262 exeo,
833 219 892 262 quod

64 290 130 327 homo
146 290 214 326 libere
230 290 285 327 velle
302 301 346 327 non
363 293 434 333 potest
451 290 498 327 sine
514 290 658 334 praecedente
676 291 815 335 cogitatione3
835 290 891 334 cogi-

67 362 125 405 tatio,
145 373 209 406 quam
228 362 325 405 sequitur
343 362 443 399 voluntas
461 373 503 406 qua
520 362 586 400 homo
604 362 746 399 tentationem
765 363 840 405 vincit,
858 362 892 399 vel

67 437 138 470 actum
156 434 267 470 moraliter
283 433 364 470 honum
380 435 449 478 ponit,
466 437 498 471 est
515 434 616 477 cogitatio
633 444 734 477 congrua.
751 434 808 471 Deus
824 434 892 471 libere

67 506 207 548 providentia
224 517 261 542 sua
278 505 395 550 ordinavit,
412 510 435 542 ut
451 506 505 542 haec
521 506 556 543 vel
572 506 610 543 illa
625 507 648 542 in
665 506 753 543 homine
770 506 894 543 inveniatur

37 582 39 584 '
69 578 177 621 cogitatio,
194 588 258 621 quam
273 578 320 620 ipse
336 578 377 615 scit
393 589 438 615 esse
454 578 487 614 vel
504 588 547 615 non
565 589 610 615 esse
626 587 749 621 congruam.
765 577 829 614 Nulla
843 587 893 621 ergo

68 649 152 686 ratione
167 649 266 686 doctrina
279 649 393 694 Vazquerii
407 650 476 686 affinis
491 654 521 686 est
535 649 696 692 Augustinismo
705 654 738 686 1⁴⁶.

122 782 160 819 His
177 782 202 818 de
218 782 285 818 variis
301 782 414 819 sententiis
429 782 555 825 praemissis
571 782 681 825 quaeritur
697 782 720 818 in
734 781 775 818 hac
791 781 894 825 sectione,

68 854 121 897 quid
132 857 235 897 peccator
249 854 335 890 adultus
347 855 370 889 in
383 854 492 896 praesenti
506 853 584 890 ordine
597 854 644 890 sine
657 854 737 896 gratiae
752 854 833 891 auxilio
845 864 894 896 pos-

69 925 103 968 sit,
117 925 204 969 etquid
216 936 261 962 non
274 926 349 968 possit.
361 925 448 962 Duabus
462 925 559 962 thesibus
573 925 740 968 respondemus:
757 925 834 967 1111011
848 925 894 969 qni-

70 997 118 1033 dem
135 997 259 1034 facultatem
276 997 349 1034 amisit
364 997 462 1040 ponendi
479 1000 538 1034 actus
555 997 667 1034 moraliter
681 997 751 1034 honos
771 997 832 1038 (thes.
850 996 893 1041 10);

70 1069 108 1105 sed
117 1068 137 1111 2)
150 1069 196 1106 sine
206 1068 275 1112 gratia
286 1079 329 1105 non
340 1072 411 1112 potest
420 1072 486 1106 totam
497 1069 565 1112 legem
576 1069 672 1105 divinam
683 1079 775 1113 servare,
787 1070 825 1106 sed
836 1072 894 1106 certo

70 1141 98 1177 ad
110 1143 199 1183 peccata
213 1141 313 1177 mortalia
326 1140 440 1184 perveniet
455 1140 517 1182 (thes.
532 1140 572 1182 11).
586 1140 625 1177 His
640 1140 723 1177 duabus
736 1140 895 1183 praemittimus

71 1212 150 1248 thesim
169 1212 231 1252 (thes.
246 1212 272 1254 at,
289 1221 355 1255 quam
368 1212 461 1248 maxime
476 1212 503 1248 ob
520 1223 604 1248 errores
619 1212 749 1249 Baianorum
766 1216 786 1249 et
802 1212 897 1249 Ianseni-

73 1286 154 1321 starum
166 1284 261 1327 theologi
273 1284 375 1327 explicite
387 1287 480 1321 statuere
493 1285 568 1328 solent,
580 1284 678 1332 quamvis
692 1284 763 1328 quoad
775 1284 898 1338 essentialia

72 1356 151 1392 iamin
165 1356 193 1392 iis
207 1356 337 1399 continetur,
351 1356 441 1399 quaein
455 1355 595 1398 praecedenti
610 1356 705 1393 sectione
719 1356 845 1398 dictasunt,
860 1356 898 1392 scl.

71 1438 115 1464 non
127 1428 200 1464 omnia
211 1438 278 1470 opera
289 1427 410 1465 infidelium
422 1431 442 1464 et
453 1431 593 1470 peccatorum
605 1439 650 1464 esse
662 1431 758 1470 peccata.

74 1645 148 1682 THESts
161 1645 182 1680 ῦς
195 1646 240 1679 Non
254 1646 325 1678 omnia
338 1654 401 1686 opera
414 1645 531 1679 infidelium
551 1647 572 1678 et
587 1647 721 1685 peccatorum
740 1647 790 1678 sunt
807 1647 899 1685 peccata,

127 1768 187 1805 Patet
201 1769 226 1804 in
240 1768 281 1804 hac
295 1768 352 1804 thesi
368 1778 489 1805 sermonem
504 1778 550 1804 esse
566 1768 591 1804 de
606 1767 690 1804 actibus
705 1767 813 1810 humanis,
829 1766 852 1802 id
867 1769 899 1802 est

75 1840 101 1877 de
116 1839 200 1877 actibus
213 1839 296 1882 liberis,
312 1850 361 1876 cum
375 1839 497 1876 necessaria
513 1839 647 1875 advertentia
662 1836 760 1876 rationis.
774 1838 834 1875 Dicit
849 1847 898 1881 ergo

73 1912 140 1948 thesis
154 1912 176 1947 in
190 1910 314 1948 infidelibus
328 1914 348 1947 et
361 1910 512 1953 peccatoribus
525 1911 620 1959 inveniri
634 1910 699 1946 ctiam
712 1913 771 1947 actus
785 1910 820 1946 vel
832 1909 899 1946 indii-

74 1983 174 2025 ferentes,
189 1983 208 2019 si
222 1984 274 2019 tales
290 1983 313 2018 in
329 1982 445 2019 individuo
460 1982 576 2024 possibiles
591 1986 647 2024 sunt,
663 1983 696 2018 vel
713 1985 773 2018 actus
788 1982 900 2018 moraliter

74 2055 150 2103 honos.
168 2054 265 2091 Praetice
285 2065 356 2091 sermo
375 2058 407 2090 est
427 2054 453 2090 de
471 2054 506 2090 his
525 2053 614 2090 ultimis.
632 2053 708 2090 Thesis
728 2056 798 2090 autem
818 2064 857 2096 per
877 2064 900 2089 se

75 2137 118 2163 non
132 2126 221 2163 ulterius
236 2126 371 2168 determinat,
384 2129 456 2162 utrum
469 2125 521 2162 honi
533 2125 566 2162 illi
580 2129 639 2162 actus
653 2125 697 2162 sint
710 2125 814 2162 salutares
826 2135 853 2161 an
868 2135 900 2161 so·

75 2198 120 2234 lum
135 2198 246 2234 moraliter
259 2197 318 2241 boni,
332 2201 405 2234 utrum
420 2200 530 2240 ponantur
545 2208 594 2233 cum
609 2187 695 2233 auxilio
705 2197 793 2240 gratiae,
810 2206 837 2233 an
854 2196 900 2233 sine

77 2270 121 2306 illo.
139 2270 217 2319 Sensus
235 2270 302 2306 thesis
318 2270 349 2306 sic
367 2280 451 2313 quoque
469 2269 532 2305 reddi
549 2272 631 2311 potest:
649 2268 682 2305 Ad
699 2279 766 2311 opera
782 2268 840 2305 bona
857 2255 901 2316 non

76 2341 194 2385 requiritur
207 2341 275 2384 gratia
289 2341 412 2384 habitualis,
427 2351 497 2383 neque
510 2340 572 2384 fides3
589 2341 622 2377 vel
638 2340 680 2376 sic:
698 2350 764 2383 opera
778 2342 900 2383 propterea,

76 2414 134 2456 qnod
150 2413 270 2449 subiectum
286 2423 378 2455 operans
396 2413 460 2449 sitin
477 2415 532 2449 statu
548 2411 682 2449 infidelitatis
699 2413 733 2448 vel
749 2411 840 2454 peccati,
857 2422 901 2448 non

78 2488 128 2521 sunt
140 2488 236 2528 peccata.

125 2621 152 2641 1⁴⁶
166 2616 194 2648 Cf.
208 2619 274 2648 tamen
287 2616 345 2654 Berti,
359 2616 386 2647 De
400 2615 516 2653 theologicis
530 2615 640 2653 disciplinis
654 2615 688 2646 lib.
704 2615 725 2647 18
739 2615 810 2653 capsa,
824 2616 843 2646 in
857 2615 903 2647 edit.

78 2676 132 2708 llom.
146 2676 191 2708 1789
203 2680 250 2708 torn.
263 2676 273 2708 3
286 2684 329 2714 pag.
342 2676 382 2709 392.
