1952 3093
477 29 586 66 ...12-

170 148 232 186 Anno
260 148 297 186 428
325 148 456 194 Augustinus
482 150 590 188 haeresim
604 150 769 194 Pelagianorum
784 151 815 189 ita
830 152 944 190 describit:

124 221 308 265 «Pelagianorum
324 224 356 259 est
370 223 474 266 haeresis,
490 224 531 260 hoe
547 226 644 267 tempore
661 223 758 261 omnium
773 224 923 262 recentissima
940 237 951 262 a

123 294 208 338 Pelagio
226 295 333 332 monacho
351 298 431 334 exorta.
449 296 516 339 Quem
535 297 660 340 magistrum
679 296 796 335 Caelestius
815 297 847 334 sio
866 300 951 335 secutus

124 369 160 410 est,
179 369 203 404 ut
221 369 337 404 sectatores
357 349 431 405 eorum
452 368 581 407 Caelestiani
600 369 664 406 etiam
683 371 842 413 nuncupentur.
863 369 891 407 Hi
909 370 949 407 Dei

124 439 211 483 gratiae,
224 451 266 484 qua
278 440 435 483 praedestinati
448 452 521 478 sumus
533 442 556 478 in
570 442 710 485 adoptionem
722 442 817 480 filiorum
829 453 869 487 per
881 443 952 480 Iesum

126 511 235 549 Christum
250 513 273 548 in
290 513 362 557 ipsum
370 517 388 538 ²4
404 517 481 558 etqua
497 514 593 551 eruimur
608 514 634 552 de
648 517 754 558 potestate
769 515 913 559 tenebrarum,
930 518 953 552 ut

125 584 146 619 in
162 595 211 622 eum
226 585 339 622 credamus
355 589 418 629 atque
431 587 454 622 in
470 596 559 630 regnum
574 586 644 630 ipsius
659 587 817 624 transferamur
824 591 848 631 ²⁵,
863 590 953 632 propter

126 657 184 700 quod
199 657 239 694 ait:
256 657 323 695 Nemo
338 659 399 695 venit
412 659 439 696 ad
454 670 494 702 me,
509 659 552 695 nisi
567 658 633 696 tuerit
649 657 668 696 ei
683 660 756 696 datum
770 671 782 696 a
795 659 858 697 Patre
873 670 921 696 meo
929 663 953 702 ²⁵,

127 732 202 774 etqua
218 729 350 767 diffunditur
366 731 460 768 charitas
476 731 499 767 in
515 731 617 768 cordibus
634 731 714 767 nostris
722 735 746 775 27,
762 735 785 768 ut
800 731 853 770 fides
867 743 907 775 per
923 732 954 768 di-

126 802 242 839 lectionem
260 805 393 847 operatura,
410 803 433 840 in
452 807 534 840 tantum
551 803 637 840 inimici
654 806 709 847 sunt,
726 807 749 840 ut
767 803 814 841 sine
832 804 873 841 hac
891 814 954 847 posse

127 874 237 912 hominem
255 876 345 913 credant
360 876 431 913 facere
449 876 522 913 omnia
539 875 613 912 divina
630 876 742 913 mandata:
762 887 811 913 cum
827 877 846 913 si
862 876 904 914 hoc
920 887 954 913 ve-

127 958 173 984 rum
189 951 250 992 esset,
265 948 345 996 trustra
359 947 464 986 Dominus
480 948 560 986 dixisse
576 948 696 985 videretur:
713 948 763 986 Sine
777 960 811 985 rne
826 949 881 986 nihil
896 951 955 993 pote-

129 1019 167 1057 stis
182 1021 286 1057 facerent
300 1020 511 1065 Denique'Pelagius
528 1032 540 1057 a
556 1020 659 1057 fratribus
676 1020 808 1065 increpatus,
825 1021 883 1065 quod
899 1021 955 1058 nihil

129 1092 233 1130 tribueret
247 1092 355 1130 adiutorio
371 1093 452 1136 gratiae
468 1093 508 1130 Dei
524 1093 551 1129 ad
567 1092 612 1130 eius
627 1093 729 1130 mandata
745 1092 853 1138 facienda,
870 1104 955 1136 correp-

129 1165 184 1202 tioni
199 1176 272 1202 eorum
286 1164 391 1202 hactenus
404 1165 475 1207 cessit,
490 1168 571 1202 utnon
586 1175 633 1201 eam
647 1164 716 1202 libero
732 1164 823 1203 arbitrio
838 1176 956 1209 praepone-

110 1288 113 1293 ·
130 1240 168 1280 ret,
187 1237 224 1274 sed
243 1237 326 1274 infideli
344 1237 462 1274 calliditate
482 1239 619 1280 supponeret,
638 1236 719 1281 dicens,
737 1237 823 1275 adhoc
843 1248 889 1275 eam
909 1237 956 1274 dari

129 1309 261 1352 hominihus,
273 1313 296 1346 ut
310 1321 363 1353 quae
377 1309 449 1346 iacere
463 1320 502 1352 per
514 1309 607 1346 liberum
620 1309 721 1346 iubentur
735 1309 856 1352 arbitrium,
870 1308 956 1346 facilius

130 1381 214 1424 possint
227 1382 318 1425 implere
332 1392 371 1425 per
385 1382 482 1425 gratiam.
496 1381 594 1418 Dicendo
607 1381 681 1425 utique
695 1383 737 1417 «ut
751 1380 838 1418 facilius
852 1381 937 1424 possint
945 1383 955 1417 >5

131 1454 199 1491 uoluit
215 1454 282 1496 credi,
297 1454 361 1491 etiam
376 1450 394 1491 si
411 1453 526 1497 difficilius,
543 1456 614 1490 tamen
630 1464 694 1496 posse
709 1452 810 1490 homines
827 1453 873 1490 sine
889 1454 958 1497 gratia

133 1526 206 1562 divina
221 1526 293 1563 facere
306 1526 364 1562 iussa
380 1525 460 1562 divina.
476 1525 537 1562 Illam
551 1536 602 1562 vero
618 1525 709 1569 gratiam
722 1524 768 1568 Dei,
784 1524 831 1562 sine
846 1536 888 1568 qua
902 1525 957 1561 nihil

130 1598 182 1635 boni
193 1608 308 1640 possumus
319 1597 398 1640 facere,
411 1607 454 1635 non
468 1608 513 1634 esse
527 1596 602 1634 dicunt
613 1597 656 1634 nisi
668 1596 691 1633 in
704 1596 773 1634 libero
787 1597 884 1641 arbitrio,
896 1597 955 1641 quod

133 1670 197 1707 nullis
215 1670 259 1707 suis
277 1669 457 1713 praecedentibus
475 1669 558 1707 meritis
578 1669 604 1707 ab
623 1669 660 1706 illo
680 1669 765 1712 accepit
784 1671 858 1706 nostra
875 1671 958 1711 natura,

133 1742 160 1778 ad
176 1743 218 1779 hoc
234 1745 317 1779 tantum
334 1743 382 1784 ipso
400 1742 515 1779 adiuvante
530 1752 570 1785 per
587 1752 646 1778 suam
664 1742 732 1785 legem
749 1744 812 1785 atque
830 1740 958 1783 doctrinam,

133 1818 154 1851 ut
175 1815 282 1851 discamus
300 1825 355 1858 quae
373 1815 451 1858 tacere,
470 1816 490 1851 et
508 1824 562 1858 qnae
581 1824 668 1857 sperare
687 1813 808 1857 debeamus,
826 1823 869 1850 non
889 1815 958 1850 autem

134 1887 161 1923 ad
173 1887 215 1924 hoc
227 1890 250 1924 ut
264 1898 302 1930 per
316 1887 395 1924 donum
408 1886 501 1930 Spiritus
514 1886 554 1928 sui,
568 1896 622 1930 quae
636 1885 778 1923 didicerimus
792 1895 838 1922 esse
852 1884 958 1926 facienda.

133 1958 244 1996 faciamus.
261 1958 291 1995 Ae
307 1970 346 2002 per
362 1959 405 1996 hoc
423 1958 527 1995 divinitus
545 1957 608 1995 nobis
626 1957 673 1995 dari
690 1957 804 1995 seientiam
822 1956 956 1999 confitentur,

133 2041 174 2074 qua
192 2030 314 2074 ignorantia
333 2031 427 2075 pellitur,
448 2030 576 2067 charitatem
596 2033 666 2067 autem
687 2029 733 2067 dari
754 2032 839 2072 negant,
859 2040 900 2072 qua
921 2029 956 2072 pie

135 2103 225 2140 vivitur:
240 2107 263 2140 nt
277 2104 361 2141 scilicet
374 2115 421 2140 cum
435 2104 461 2140 sit
474 2103 513 2140 Dei
529 2103 608 2140 donum
623 2102 714 2139 scientia
728 2113 783 2146 quae
796 2100 842 2138 sine
856 2100 960 2138 charitate

135 2176 201 2218 inflat,
214 2186 257 2213 non
272 2176 299 2212 sit
310 2176 349 2212 Dei
364 2176 444 2213 donum
457 2175 504 2217 ipsa
516 2175 617 2217 charitas
630 2186 684 2218 quac
697 2177 720 2211 ut
734 2173 824 2211 scientia
837 2184 881 2209 non
894 2172 960 2215 inflet,
