1952 3093
465 129 586 166 -214-

168 263 178 286 «
187 251 310 288 Occurrunt
317 262 339 286 »:
358 261 401 286 11011
416 261 501 293 semper
514 253 536 287 et
549 250 659 292 continuo,
674 250 711 286 sed
727 250 891 293 intelligendum
908 256 939 288 est

113 322 180 358 simili
192 322 257 359 modo
269 333 311 365 quo
324 333 390 365 supra
402 334 412 357 «
421 322 459 358 diu
467 335 485 365 a,
498 322 582 358 scilicet
593 309 656 357 nemo
670 322 707 358 diu
720 321 775 372 liber
787 325 859 358 manet
872 333 883 357 a
896 325 939 359 ten-

113 393 200 430 tatione.

162 527 261 559 «Videtur
272 527 355 559 dubium
365 536 450 565 manere,
462 536 510 559 num
523 536 589 559 revera
599 526 664 559 omnis
676 526 736 558 homo
749 526 828 558 adultus
840 526 940 559 interdurn

113 589 206 627 gravibus
223 587 368 620 tentationibus
384 587 478 620 incitetur
495 587 520 620 ad
535 586 718 625 transgrediendam
734 586 796 625 legem
814 586 902 619 divinam
919 587 939 620 in

114 658 134 681 re
144 650 204 686 gravi.
214 649 263 680 Nam
272 649 365 680 videntur
374 658 416 681 esse
425 648 515 680 homines
523 651 565 680 tam
572 648 644 686 pacati,
654 650 676 680 ut
684 647 751 680 nullos
761 647 886 680 vehementes
896 657 940 686 pas-

114 709 194 741 sionum
207 710 273 740 motus
286 709 379 740 sentiant.
392 709 421 740 Ad
433 708 470 740 hoc
483 708 587 740 dicendum
600 709 639 740 est:
655 708 675 740 Si
688 708 797 746 excipimus
809 717 848 746 eos,
862 708 896 747 qui
909 709 941 741 vel

114 768 203 801 naturali
218 768 290 800 indole·
299 768 331 800 vel
344 778 367 799 ex
381 768 450 801 morho
463 768 495 800 vel
510 768 565 800 senio
580 770 627 800 sunt
641 770 682 800 tam
696 767 797 806 imbecilli,
812 770 835 800 ut
849 767 902 800 nihil
915 768 940 801 iis

114 835 232 866 magnopere
244 837 302 859 curae
314 828 346 866 sit,
357 837 424 860 omnes
437 827 527 860 homines
539 827 660 859 naturaliter
671 837 717 859 suas
729 825 804 859 hahent
815 827 899 859 vitiosas
911 828 941 860 in-

114 888 239 926 clinationes,
251 888 323 927 quibus
334 888 380 921 data
392 887 493 920 occasione
502 889 657 926 commoventur,
669 887 720 919 alius
732 887 757 920 ad
766 886 878 927 avaritiam,
889 889 941 920 alius

116 950 140 982 ad
152 950 208 987 iram,
222 949 273 982 alius
286 949 310 981 ad
322 949 462 981 delectationes
473 948 568 987 carnales,
581 948 633 981 alius
646 948 670 982 ad
681 948 794 988 prigritiam
806 948 826 981 in
839 948 941 987 explendis

116 1012 180 1043 status
195 1010 227 1042 sui
241 1009 316 1049 officiis,
331 1010 383 1042 alius
397 1009 421 1041 ad
435 1009 552 1042 laedendam
566 1009 670 1041 caritatem
684 1009 753 1048 lingua
765 1009 797 1041 vel
811 1018 874 1058 opere,
890 1009 941 1042 alius

117 1070 194 1104 adalia
206 1072 291 1108 peccata,
303 1073 325 1103 nt
339 1070 361 1102 de
374 1069 467 1102 omnihus
491 1070 567 1103 valeat:
582 1069 649 1102 «Caro
661 1070 783 1108 concupiscit
795 1069 888 1102 adversus
902 1071 942 1109 spi-

116 1131 184 1168 ritum,
198 1131 280 1168 spiritus
295 1132 361 1162 autem
374 1130 467 1162 adversus
481 1139 577 1162 carnem»
592 1129 638 1167 (Gal
651 1130 667 1168 5,
682 1130 713 1168 17;
726 1130 751 1162 cf.
765 1130 807 1168 Eph
820 1130 836 1168 6,
850 1130 871 1162 10
885 1131 942 1170 sqq).

117 1190 211 1223 «Lahora
223 1191 274 1222 sicut
286 1191 349 1222 honus
360 1190 418 1222 miles
431 1189 522 1223 Christi...
535 1190 585 1222 Nam
596 1192 615 1222 et
627 1190 661 1229 qui
673 1192 735 1223 certat
748 1191 769 1222 in
781 1197 847 1228 agone,
860 1200 900 1222 non
911 1201 942 1223 co-

117 1251 205 1288 ronatur,
220 1250 260 1282 nisi
274 1249 362 1288 legitime
375 1250 496 1282 certaverit»
513 1249 533 1288 (2
548 1249 592 1282 Tim
606 1249 622 1288 2,
636 1249 652 1283 3.
668 1249 693 1287 5).
707 1250 771 1289 Quare
785 1250 892 1282 concilium
908 1252 943 1282 tri-

117 1311 221 1342 dentinum
232 1319 278 1342 sess.
289 1310 305 1348 6,
315 1320 330 1342 c.
341 1310 362 1342 13
373 1319 441 1342 omnes
449 1312 517 1341 monet
525 1309 590 1342 verbis
601 1309 696 1348 apostoli:
710 1310 866 1342 «Verumtamen
877 1311 911 1349 qui
923 1320 943 1342 se

118 1371 234 1403 existimant
250 1373 308 1409 stare,
324 1370 410 1409 videant,
426 1380 451 1402 ne
466 1370 538 1402 cadant
555 1370 574 1408 (1
591 1368 629 1403 Cor
643 1370 671 1408 10,
687 1370 724 1409 12),
742 1374 758 1403 ..2
775 1380 819 1403 cum
834 1371 905 1403 timore
922 1381 942 1403 ac

117 1434 202 1463 tremore
217 1431 302 1463 salutern
315 1440 372 1463 suam
386 1429 492 1469 operentur
508 1430 563 1468 (Phil
576 1431 593 1469 2,
607 1430 656 1469 12)...
672 1430 785 1464 Formidare
800 1432 853 1464 enim
867 1431 943 1467 debent.

117 1493 206 1530 scientes,
219 1492 272 1530 quod
284 1492 304 1523 in
316 1500 371 1530 spem
383 1491 458 1530 gloriae
471 1493 490 1523 et
501 1492 589 1524 nondum
602 1492 622 1524 in
636 1491 720 1530 gloriam
731 1492 795 1524 renati
808 1495 860 1530 sunt,
873 1492 896 1524 de
908 1501 944 1531 pu·

117 1560 160 1590 gna,
173 1561 223 1590 quae
235 1555 324 1590 superest
336 1562 380 1584 cum
392 1562 455 1591 carne,
466 1562 511 1584 cum
522 1553 601 1590 mundo,
613 1562 657 1585 cum
670 1552 767 1585 diabolo»
783 1552 850 1589 (Denz.
863 1562 882 1584 11.
895 1552 944 1590 806).

118 1613 185 1644 Potest
198 1612 278 1651 quidem
292 1613 384 1650 accidere,
399 1615 421 1645 ut
435 1613 480 1652 quis
493 1622 528 1651 per
542 1615 605 1645 totam
620 1613 682 1645 vitam
696 1613 805 1645 immunem
820 1623 841 1645 se
856 1616 919 1645 servet
934 1624 945 1645 a

118 1675 196 1711 peccato
212 1673 275 1711 gravi3
291 1674 357 1710 potest
372 1669 439 1705 etiam'
449 1672 540 1710 accidere,
556 1676 578 1705 ut
593 1673 638 1712 quis
652 1676 697 1712 post
711 1681 798 1712 pugnam
812 1673 846 1705 diu
861 1673 945 1706 fideliter

118 1736 232 1771 superatam
244 1733 346 1771 perveniat
360 1732 385 1764 ad
397 1734 475 1765 tantam
487 1733 579 1772 quietem,
593 1736 615 1765 ut
629 1743 669 1765 non
682 1734 723 1766 iam
736 1733 810 1766 sentiat
824 1735 944 1766 tentationes

118 1793 175 1825 valde
186 1793 287 1826 molestas.
300 1794 325 1825 At
337 1793 374 1825 hoc
387 1793 453 1831 ipsum
465 1795 495 1825 est
508 1793 592 1832 speciale
603 1793 638 1825 Dei
651 1794 730 1832 donum,
742 1795 765 1826 ut
779 1794 807 1826 ait
822 1793 839 1827 S.
853 1794 944 1832 Augusti-

118 1863 166 1886 nus:
182 1854 214 1886 «0
227 1856 255 1892 tu,
268 1853 302 1893 qui
317 1853 365 1886 dicis
378 1856 398 1886 te
410 1863 450 1885 non
464 1854 527 1886 multa
540 1854 624 1886 crimina
636 1854 764 1892 commisisse,
777 1854 850 1893 quare?
863 1864 902 1894 quo
916 1865 945 1887 re-

118 1914 204 1953 genter...
218 1915 258 1946 Hoc
271 1914 308 1946 tihi
323 1915 371 1946 dicit
382 1915 434 1958 Deus
446 1916 503 1946 tuus:
517 1913 614 1952 Regebam
627 1917 646 1947 te
658 1914 714 1954 mihi,
728 1915 831 1952 servabam
845 1919 863 1948 te
877 1915 944 1947 mihi»

122 1975 230 2013 (80111199,
243 1985 257 2007 c.
271 1975 289 2012 li;
303 1975 320 2007 ll
333 1974 404 2013 lupae)
413 1977 464 2007 1223.

175 2113 287 2150 «Honeste
300 2124 433 2157 superares:
446 2113 546 2150 Tentatio
559 2113 657 2156 superari
669 2116 739 2156 potest
816 2165 818 2167 Ι

201 2185 221 2226 α)
238 2196 263 2221 ex
276 2184 358 2222 motivo
370 2185 437 2229 malo;
449 2196 467 2221 e.
480 2193 499 2228 g.
511 2194 555 2222 non
568 2196 590 2222 se
603 2185 712 2222 inebriare
726 2186 754 2222 ad
767 2185 946 2222 committendum

121 2257 275 2294 homicidium:
294 2258 349 2294 male
365 2259 462 2301 superae
478 2257 507 2294 ad
521 2257 563 2294 hoc
580 2268 649 2301 neque
664 2246 782 2301 requiritur
798 2268 866 2300 neque
884 2257 947 2293 datur

121 2329 198 2374 gratia

203 2400 223 2443 b)
240 2412 265 2438 ex
280 2402 361 2438 motivo
373 2401 493 2439 honestatis
508 2402 684 2444 supernaturalis,
700 2413 717 2438 e.
733 2411 751 2445 g.
766 2412 792 2438 ex
806 2412 879 2438 amore
894 2401 944 2437 Deiz

123 2473 246 2510 salutariter
261 2476 356 2517 senerah
374 2474 458 2511 adhoc
474 2474 542 2516 gratia
559 2475 645 2511 elevans
662 2474 788 2517 requisitum

202 2544 222 2586 cl
238 2556 264 2581 ex
280 2533 361 2583 motivo
377 2545 497 2583 honestatis
515 2546 628 2589 naturalis;
646 2557 663 2582 e.
681 2555 700 2589 g.
719 2557 744 2583 ex
762 2545 947 2583 aurorenatnrali

121 2616 225 2654 bonitatis
237 2618 360 2660 oppositae:
373 2618 463 2654 honeste
474 2620 570 2661 superat,
584 2617 662 2659 dehoc
675 2620 705 2654 est
717 2628 787 2654 sermo
801 2618 822 2653 in
835 2618 897 2654 thesi.

170 2791 196 2812 111
211 2788 276 2824 Pesrh,
288 2788 344 2825 atta.
