1952 3093
488 127 595 165 „pg-

132 258 158 291 go
169 248 250 291 Spiritu
262 260 273 286 a
284 248 329 285 Deo
341 260 420 286 sumus
432 249 492 286 Sicut
502 249 559 287 enim
571 250 594 286 in
607 248 692 287 Christo
704 250 815 293 morimur,
827 253 850 288 ut
859 261 957 289 renasca-

124 330 186 364 mur,
197 321 226 357 ita
238 321 301 357 etiam
313 320 396 363 Spiritu
407 322 517 364 signamur
527 325 550 358 ut
561 322 699 364 splendorem
711 325 773 367 atque
783 323 900 366 imaginem
912 324 957 361 eius

134 395 154 429 et
168 393 259 436 gratiam
275 396 347 431 tenere
361 393 479 438 pessimun
495 395 554 438 quod
568 398 599 431 est
614 394 688 438 utique
704 394 801 438 spiritale
817 395 957 439 signaculum.

133 465 187 502 Nam
203 466 242 502 etsi
257 466 329 509 specie
345 466 454 509 signemur
469 468 492 504 in
508 477 605 511 corpore,
621 468 710 505 veritate
724 471 796 505 tamen
812 468 834 504 in
849 469 915 506 eorde
931 470 957 506 si-

134 547 230 582 gnamur,
245 543 268 575 ut
284 538 377 582 Spiritus
394 539 484 576 Sanctus
501 539 608 582 exprimat
624 541 646 575 in
662 540 725 576 nobis
742 540 843 584 imaginis
860 541 957 579 caelestis

134 610 243 654 effigiem»
253 615 276 647 ⁶⁰.
289 611 383 648 «Utrum
393 612 458 654 igitur
470 612 588 648 seeundum
598 623 683 655 eorpus,
695 623 722 649 nn
734 613 852 650 seeundum
864 613 958 650 animam

135 683 257 720 iustificatio
270 683 310 721 tihi
325 684 420 721 conferri
435 684 539 729 videatur,
553 695 639 729 quaeso,
652 684 791 728 respondeas.
806 685 847 722 Sed
861 685 958 723 dubitare

133 764 176 791 non
188 758 256 799 potes,
268 767 316 792 eum
328 756 417 799 iustitia,
429 757 486 794 unde
497 756 621 794 iustificatio
633 757 728 794 derivata
742 760 779 800 est,
793 757 870 794 mentis
883 758 955 802 utique

135 838 177 863 non
192 828 290 871 corporis
303 829 337 865 sit.
349 829 422 866 Pietus
434 841 456 866 es
468 840 525 873 ergo,
538 842 550 867 ο
563 830 634 873 homo,
646 830 717 873 pictus
729 841 740 867 a
753 830 846 867 Domino
858 830 903 866 Deo
916 834 958 867 tuo.

133 900 215 936 Bonum
231 900 297 937 habes
314 900 418 938 artificem
434 904 496 946 atque
512 901 625 945 pictorem.
640 901 690 939 Noli
705 902 785 939 honam
802 902 873 941 delere
887 894 956 945 pictu-

136 983 188 1016 ram,
203 983 247 1010 non
262 974 312 1011 fuco
328 974 366 1011 sed
381 975 470 1011 veritate
485 975 609 1018 fulgentem,
623 985 667 1012 non
683 986 732 1012 cera
745 985 847 1017 expressa
861 975 899 1011 sed
914 985 959 1018 gra-

135 1045 165 1081 tia
174 1058 184 1080 »
192 1048 217 1083 ⁶1.
235 1045 254 1082 S.
271 1046 423 1084 Annusrrnus:
442 1047 545 1084 «iustitia
561 1047 601 1084 Dei
618 1047 755 1084 manifestata
773 1049 813 1092 est;
831 1058 874 1084 non
892 1047 957 1084 dixit:

137 1118 218 1155 iustitia
232 1118 334 1161 hominis,
348 1119 382 1155 vel
396 1119 478 1173 iustitia
492 1119 594 1163 propriae
610 1120 735 1163 voluntatis;
752 1119 800 1157 sed:
818 1118 901 1156 iustitia
914 1120 960 1162 Dei,

137 1200 180 1226 non
190 1201 231 1234 qua
242 1191 299 1228 Deus
309 1191 377 1227 iustus
389 1194 426 1236 est,
438 1192 476 1228 sed
486 1202 528 1236 qua
539 1191 611 1229 induit
622 1192 739 1234 hominem,
750 1202 798 1228 cum
810 1191 911 1228 iustificat
922 1192 960 1228 im-

137 1263 196 1305 pium
205 1275 216 1298 >>
225 1266 249 1300 ⁶2.
265 1262 326 1300 «Nec
341 1267 426 1300 moveat
439 1264 497 1307 quod
512 1252 639 1301 naturaliter
654 1275 689 1301 eos
704 1263 759 1301 dixit
774 1274 828 1308 quae
843 1263 896 1307 legis
912 1267 960 1300 sunl

138 1335 214 1378 lacere,
226 1346 269 1372 non
282 1336 360 1379 spiritu
370 1336 416 1378 Dei,
429 1347 472 1373 non
484 1335 532 1379 fide,
545 1346 588 1373 non
600 1335 674 1379 gratia.
688 1336 733 1373 Hoc
746 1336 803 1373 enim
816 1336 859 1379 agit
872 1335 960 1378 spiritus

137 1407 224 1453 gratiae,
237 1412 260 1445 ut
273 1408 389 1451 imaginem
403 1409 449 1452 Dei,
462 1410 485 1445 in
500 1419 541 1453 qua
556 1408 683 1446 naturaliter
698 1409 749 1445 laeti
763 1419 842 1451 sumus,
857 1408 961 1445 instauret

138 1481 159 1515 in
173 1480 235 1517 nobis
244 1493 254 1515 »
264 1484 288 1516 ⁶³.
300 1480 319 1518 S.
332 1480 440 1518 Granius
454 1482 633 1518 Ansxnnpmnns:
650 1494 660 1516 «
669 1480 839 1518 Condemnatum
853 1485 884 1517 est
897 1480 958 1524 igitur

138 1555 256 1595 peecatum,
269 1552 420 1590 mortificatum
431 1554 525 1596 primum
536 1554 559 1589 in
572 1552 664 1595 Christo,
676 1552 849 1589 mortificandum
861 1556 880 1588 et
891 1552 913 1587 in
926 1562 961 1588 no-

138 1625 178 1668 bis,
189 1626 276 1669 quando
285 1626 346 1662 illum
358 1626 380 1662 in
391 1626 488 1669 propriis
500 1625 612 1662 animabus
622 1625 739 1668 recipimus
751 1624 863 1668 perfidem
874 1627 895 1661 et
906 1634 961 1660 corn·

140 1698 308 1735 munientionem
327 1698 426 1742 Spiritus,
445 1699 483 1742 qui
501 1709 541 1735 nos
560 1698 587 1735 ad
605 1698 696 1734 formam
716 1696 796 1735 Christi
814 1695 905 1739 perficit,
924 1706 961 1739 per

139 1770 316 1807 sanctificationis
328 1770 430 1806 videlicet
443 1770 575 1813 qualitatem.
589 1769 681 1812 Spiritus
695 1769 753 1805 enim
766 1768 879 1822 salvatoris
893 1767 961 1804 nostri

140 1841 219 1879 Christi
238 1846 269 1880 est
286 1843 347 1894 quasi
365 1843 434 1880 torma
453 1843 504 1885 eius,
522 1841 618 1878 divinam
636 1841 785 1884 figurationem
803 1841 826 1877 in
845 1839 908 1877 nohis
924 1840 962 1875 inr-

139 1916 235 1958 primens
249 1915 409 1960 quodammodo
424 1926 463 1958 per
477 1915 591 1957 seipsum»
600 1918 624 1950 ⁵4.
640 1926 650 1949 «
658 1914 680 1951 Si
694 1913 776 1958 Spiritu
791 1913 869 1951 Sancto
885 1912 962 1956 sigilla-

140 1988 155 2023 ti
169 1988 196 2024 ad
208 1988 276 2024 Deum
289 1988 439 2029 reformamur,
451 1987 559 2030 quomodo
573 1986 614 2022 erit
627 1989 722 2022 creatum
736 1986 765 2029 id,
777 1996 817 2027 per
828 1985 886 2028 quod
900 1983 962 2021 nobis

140 2060 227 2097 divinae
245 2059 376 2097 substantiae
395 2059 465 2102 imago
482 2057 615 2101 imprimitur
632 2061 652 2095 et
668 2049 777 2094 increatae
796 2060 884 2094 naturae
903 2056 962 2099 signa

140 2132 267 2169 inhaerent?
279 2132 326 2170 Non
340 2132 403 2174 enim,
415 2131 506 2175 pictoris
519 2131 593 2173 instar,
606 2130 699 2174 Spiritus
713 2130 809 2167 divinam
822 2129 962 2166 substantiam

140 2206 162 2240 in
177 2204 240 2241 nobis
254 2205 356 2247 depingit,
369 2204 431 2247 quasi
445 2203 492 2246 ipse
507 2202 588 2239 alienus
603 2202 629 2239 ab
643 2213 666 2239 ea
681 2205 745 2245 esset3
760 2212 829 2245 neque
843 2202 885 2237 hoo
899 2199 962 2237 modo

142 2277 168 2314 ad
183 2276 348 2314 similitudinem
361 2276 401 2313 Dei
416 2286 455 2312 nos
470 2274 538 2319 ducit:
555 2275 592 2312 sed
608 2274 660 2317 ipse,
676 2274 713 2318 qui
726 2273 783 2311 Deus
798 2275 830 2310 est
844 2275 904 2310 etex
919 2272 962 2308 Deo

141 2350 246 2392 procedit,
261 2350 283 2386 in
298 2349 400 2386 cordibus
415 2360 436 2385 se
451 2347 609 2391 recipientium,
624 2351 732 2391 tamquam
745 2347 767 2383 in
783 2356 838 2389 cera,
853 2345 918 2389 sigilli
933 2345 963 2380 in-

190 2492 207 2513 60
220 2489 247 2521 De
263 2488 336 2528 Spiritu
352 2488 422 2521 Sancto
438 2489 453 2526 1,
468 2489 483 2526 6,
498 2487 528 2524 711ς
545 2489 577 2520 lli„
593 2488 620 2527 16,
634 2488 676 2527 723;
693 2488 709 2522 R
723 2488 774 2521 1282.

191 2554 208 2574 u
222 2535 354 2582 nexaemeron
371 2549 387 2585 a.
402 2550 418 2587 a,
434 2550 465 2587 aa
482 2549 515 2581 nr
530 2550 557 2588 14,
573 2549 616 2587 aen
632 2550 648 2582 n
664 2549 715 2583 1319.

191 2614 208 2634 ‘52
222 2611 249 2642 De
264 2611 335 2648 spiritu
349 2614 368 2643 et
383 2611 450 2643 littera
463 2612 479 2646 9,
495 2612 526 2648 15;
543 2611 575 2642 ML
589 2611 617 2648 ll,
631 2610 674 2647 209;
691 2611 707 2643 R
723 2611 774 2643 1730.

191 2674 208 2694 ⁶³³1
222 2671 270 2702 lhid.
287 2671 315 2709 27,
331 2671 362 2708 473
380 2672 412 2702 lli,
427 2671 454 2707 ll,
471 2670 514 2707 229;
531 2670 546 2702 R
562 2670 616 2707 1732;
634 2671 658 2702 cf.
674 2671 700 2701 De
716 2673 839 2708 peecatorum
856 2672 932 2703 meritis
948 2671 964 2700 rt

146 2732 259 2764 remissione
275 2732 290 2768 1,
305 2732 321 2770 9,
336 2731 367 2769 1ὓ;
383 2731 416 2764 liL
429 2731 458 2770 44,
472 2731 514 2770 114;
531 2730 547 2764 R
562 2730 613 2763 1715.

192 2796 209 2817 ⁶⁴
223 2793 277 2824 Hom.
291 2793 355 2831 pasch.
370 2793 397 2828 10,
410 2793 430 2831 2‚-
443 2793 477 2824 ltu
492 2792 518 2830 77,
531 2792 574 2837 6175
589 2793 603 2824 R
618 2792 669 2825 2063.
