1952 3093
467 36 575 74 „50-

109 159 246 196 redderetur:
261 168 310 195 cum
321 157 378 195 nihil
389 159 467 196 iustius
478 169 524 196 esse
535 161 605 202 queat,
617 168 682 203 quam
693 163 717 195 ut
729 158 753 195 id
765 158 856 203 quisque
867 157 935 197 inam-

111 231 246 268 missibiliter
260 232 287 268 ad
301 231 418 269 fruendum
432 234 508 275 teneat,
523 232 580 276 quod
595 231 638 269 sibi
650 232 678 269 ad
691 232 807 269 amandum
819 231 889 269 libera
902 243 937 269 vo-

111 306 192 341 luntate
205 304 289 348 delegit.
301 304 325 341 In
337 305 378 341 hoc
390 305 447 342 enim
459 294 577 341 iustissima
589 304 661 341 meriti
673 303 808 348 praemiique
820 304 876 342 ratio
888 315 937 342 con-

112 376 184 414 stituta
201 381 238 414 est.
252 375 284 413 Ad
297 377 423 414 utrumlibet
438 377 510 421 igitur,
525 378 567 414 boc
584 379 620 420 est,
637 377 664 414 ad
678 376 759 414 bonum
773 380 794 413 et
807 378 894 420 malum,
910 377 937 414 ad

112 449 177 486 vitam
192 453 212 486 et
225 452 323 492 mortem,
338 450 365 486 ad
379 460 474 487 amorem
488 449 594 487 creatoris
609 453 629 487 et
643 452 760 494 creaturae,
774 452 797 486 ut
811 449 938 492 saepissime

109 512 239 565 Augustinus
254 521 322 564 docet,
335 522 374 558 >illa
387 522 459 566 prima
471 522 560 559 libertas
573 520 703 559 indifferens
717 521 759 558 tuit
767 534 777 558 »
785 525 801 558 ³.

166 594 206 631 Per
220 594 277 631 vires
291 594 355 631 liberi
372 595 457 632 arbitrii
472 595 542 638 potuit
555 595 610 631 iuste
624 594 697 631 vivere
715 595 771 638 (cap.
787 594 814 638 at,
829 594 900 637 potuit
915 595 937 630 in

113 666 195 704 iustitia
207 678 345 711 perseverare
360 667 416 710 (cap.
429 667 459 711 8);
473 667 510 705 sed
523 667 550 704 ad
562 666 604 704 hoc
615 666 726 710 indigebat
737 665 846 704 adiutorio
857 667 938 710 gratiae

116 739 171 783 [cap.
186 738 227 780 10).
243 739 398 782 «Quapropter
413 739 594 783 quemadmodum
609 739 631 775 in
645 738 826 782 praecedentibus
841 737 939 782 Augusti-

110 821 161 848 num
174 810 316 848 fidentissime
329 811 492 849 confirmantem
507 811 636 853 audivimus,
651 810 740 848 Sanctos
753 810 845 854 Angelos
859 821 899 855 per
911 810 936 848 li-

112 884 187 921 berum
200 883 314 921 arbitrium
327 884 349 920 in
361 884 451 922 veritate
463 884 553 928 stetisse,
565 887 585 921 et
597 883 692 926 primum
705 882 816 921 hominem
828 894 868 927 per
880 883 938 921 idem

112 955 204 993 liberum
216 956 330 994 arbitrium
341 958 363 993 in
375 969 400 994 ea
410 960 466 994 stare
476 957 578 1001 potuisse,
589 955 648 1000 quod
658 959 707 1000 post
717 956 803 999 lapsum
813 954 938 993 hominibus

114 1038 156 1066 uon
172 1029 215 1066 nisi
227 1040 267 1072 per
279 1029 370 1073 gratiam
386 1029 542 1067 eonferendum
557 1032 598 1066 est:
616 1029 646 1066 ita
661 1038 719 1065 nunc
733 1027 781 1065 vice
796 1038 864 1071 versa,
880 1027 939 1065 iuxta

114 1101 236 1138 doctrinam
248 1101 273 1138 ab
285 1113 310 1139 eo
320 1102 430 1146 traditam,
443 1105 463 1138 et
475 1102 534 1138 iuxta
545 1100 610 1138 fidem
623 1099 756 1139 Catholicam
770 1100 795 1137 ab
809 1111 834 1137 eo
846 1100 940 1143 expliea-

113 1177 156 1211 tam
173 1174 272 1216 dicimus,
289 1185 358 1218 neque
375 1174 473 1218 Angelos,
489 1184 558 1218 neque
575 1173 669 1217 primum
686 1172 797 1210 hominem
813 1173 857 1210 ullo
874 1172 938 1210 modo

114 1246 161 1283 sine
173 1246 255 1290 gratiae
267 1246 362 1283 iuvantis
375 1246 483 1284 adiutorio
495 1247 517 1282 in
530 1245 619 1282 veritate
633 1248 695 1286 stare,
708 1245 749 1281 hoc
763 1247 800 1287 est,
814 1246 836 1281 tn
851 1247 939 1287 accepta

114 1318 196 1356 iustitia
214 1329 354 1362 perseverare
373 1318 468 1362 potuisse
478 1332 488 1354 »
497 1322 511 1354 ⁴.

167 1390 226 1428 Haec
236 1391 304 1435 gratia
315 1402 359 1429 non
371 1392 438 1429 sotum
450 1393 476 1430 ad
488 1394 676 1437 perseverandum,
687 1394 725 1432 sed
735 1394 762 1432 ad
773 1393 869 1438 singulos
880 1397 941 1446 actus

113 1463 182 1501 bonos
195 1464 320 1501 necessaria
331 1468 376 1501 erat
392 1465 448 1508 (cap.
460 1466 500 1507 11).
511 1465 573 1503 Ratio
587 1469 657 1503 autem
669 1466 734 1503 huius
747 1465 882 1503 necessitatis
895 1477 939 1503 non

115 1536 174 1573 venit
187 1547 212 1573 ex
225 1536 332 1579 peculiari
344 1537 438 1581 quadam
454 1537 577 1575 difficultate
592 1537 765 1581 perseverantiae
780 1539 814 1575 vel
829 1541 889 1575 actus
903 1539 940 1576 bo-

115 1608 144 1652 ni,
156 1608 194 1646 sed
208 1619 233 1645 ex
246 1608 451 1652 impotentialiberi
466 1608 556 1652 arbitrii,
572 1610 641 1654 «quia
658 1609 758 1651 (liberum
772 1610 894 1653 arbitrium.)
909 1611 940 1646 ni-

114 1680 145 1717 hil
161 1680 189 1718 ad
201 1680 283 1718 bonum
296 1683 367 1725 potest
381 1682 427 1718 sine
442 1681 550 1719 adiutorio
564 1682 719 1725 omnipotentis
734 1681 786 1719 boni
795 1695 805 1717 >>
815 1685 829 1725 ⁵,
844 1683 868 1720 id
882 1683 940 1727 quod

116 1752 210 1796 explicat
228 1752 371 1791 similitudine
390 1766 406 1791 s.
424 1753 547 1796 Augustini:
569 1753 655 1791 «Sicuti
673 1754 730 1791 enim
749 1754 847 1797 eorporis
866 1755 940 1791 oculus

116 1836 159 1863 uon
171 1825 285 1863 adiuvatur
295 1837 307 1863 a
317 1826 371 1869 luce,
383 1829 406 1863 ut
416 1826 441 1863 ab
454 1827 528 1863 eadem
538 1826 586 1863 luce
596 1827 680 1863 clausus
691 1837 821 1870 aversusque
833 1826 940 1870 discedam

113 1900 136 1935 ut
150 1900 220 1935 autem
233 1897 312 1941 videat,
325 1897 440 1935 adiuvatur
453 1897 479 1934 ab
492 1909 522 1941 ea,
536 1908 603 1942 neque
615 1898 657 1935 hoc
670 1897 759 1935 omnino
773 1898 816 1935 nisi
829 1898 866 1936 ille
880 1898 938 1936 adiu-

60 1982 62 1986 ·
116 1971 178 2014 verit,
192 1972 272 2015 potest;
287 1971 317 2007 ita
331 1971 395 2013 Deus,
411 1971 448 2014 qui
462 1971 499 2007 lux
514 1973 544 2007 est
559 1970 654 2007 hominis
669 1969 786 2014 interioris,
800 1969 890 2014 adiuvat
905 1981 941 2008 no-

114 2045 170 2079 strae
180 2043 259 2080 meniis
269 2042 373 2085 obtutum,
383 2045 407 2079 ut
416 2053 460 2080 non
469 2042 589 2085 secundum
600 2045 703 2086 nostram,
715 2043 752 2079 sed
764 2043 882 2080 secundum
893 2043 938 2080 eius

117 2114 221 2152 iustitiam
232 2114 285 2153 boni
296 2114 378 2160 aliquid
389 2125 504 2158 operemur
512 2127 522 2150 »
532 2119 546 2150 ὓ.

114 2194 116 2198 ’
167 2186 213 2224 Hoc
226 2198 277 2225 vero
289 2186 394 2224 auxilium
407 2197 450 2224 non
465 2191 510 2224 erat
523 2187 590 2230 gratia
603 2187 727 2231 habitualis,
740 2197 809 2231 neque
823 2199 941 2225 concursus

117 2259 157 2297 Dei
167 2260 284 2303 operantis,
294 2259 443 2297 concomitans
453 2259 492 2296 Dei
502 2259 606 2303 operatio,
617 2260 655 2296 sed
666 2259 749 2304 aliquid
760 2260 849 2304 actuale,
861 2260 941 2298 actioni

116 2331 229 2375 praevium
247 2332 302 2375 (cap.
315 2331 350 2376 12;
364 2331 404 2374 131.
418 2331 469 2374 Cap.
483 2331 508 2368 14
522 2331 616 2375 quaerit:
632 2331 717 2375 «Quale
732 2331 797 2369 luerit
810 2332 869 2370 istud
883 2331 942 2370 adiu·
