1952 3093
399 52 428 57 ..-
442 31 508 68 19,-

43 165 91 209 ctio,
104 166 205 208 tantaque
219 166 251 200 est
264 173 313 207 erga
326 167 446 200 creaturam
460 174 520 201 suam
533 156 603 207 pietas
617 163 732 206 Creatoris
745 167 768 200 ut
782 173 826 200 non
839 174 871 200 so-

42 241 86 277 lum
102 236 218 274 comitetur
234 245 288 280 eam,
305 235 344 273 sed
361 235 426 273 etiam
442 236 560 280 praecedat
575 236 620 280 iugi
637 236 784 279 providentia.
802 236 870 279 Quam

43 312 143 353 expertus
164 308 273 352 Propheta
294 308 387 346 Domino
410 308 546 352 apertissime
568 309 682 346 confitetur
704 309 790 346 dicens:
814 309 871 351 Deus

43 393 108 425 meus,
120 381 272 419 misericordia
286 382 332 419 eius
345 382 471 425 praeveniet
485 366 551 419 mett.
566 381 607 425 Qui
622 393 670 419 cum
683 381 785 423 itt-nobis
800 384 871 418 ortum

42 455 156 503 quemdam
170 455 240 492 bonae
255 454 372 492 voluntatis
386 454 513 499 inspexerit,
528 455 637 492 illuminat
651 465 698 492 eam
712 454 828 492 confestim
842 458 871 491 at-

43 540 83 574 que
95 528 210 571 confortat,
223 530 243 564 et
254 527 331 565 incitat
342 528 369 565 ad
382 529 478 572 salutem,
491 527 650 564 incrementum
662 527 761 564 tribuens
774 528 794 564 ei
807 538 871 571 quam

43 602 76 639 vel
92 601 139 644 ipse
153 600 265 644 plantavit,
281 601 315 638 vel
331 604 405 638 nostro
422 604 501 638 conatu
516 600 596 637 viderit
613 600 733 638 emersisse.
748 601 813 637 Nam:
829 600 872 636 An-

43 679 128 718 tequam
142 674 242 717 clament,
255 673 333 718 inquit,
349 682 387 717 ego
403 674 527 719 exaudiam3
544 674 615 710 adhuc
631 673 769 717 loquentibus
785 672 816 710 eis
833 683 871 717 ego

44 747 129 785 audiam
138 750 161 783 ⁵⁷.
179 746 205 783 Et
222 746 311 784 iterum:
330 746 364 783 -Ad
380 757 455 783 vocem
473 746 574 783 clamoris
592 747 624 783 tui
642 746 715 782 statim
731 749 754 783 ut
771 746 871 789 audierit,

43 817 184 862 respondebit
194 817 267 855 tibica.
277 817 304 855 Et
313 828 357 856 non
367 818 436 857 solum
446 820 521 855 sancta
533 818 642 855 desideria
653 818 760 861 benignus
770 817 870 862 inspirat,

44 891 81 929 sed
98 891 162 928 etiam
178 891 305 929 occasiones
321 891 439 935 praestruit
455 892 518 934 vitae,
536 894 557 928 et
572 891 757 935 opportunitatem
773 891 826 935 boni
842 891 872 928 el-

44 965 112 1001 lectus
126 974 151 1001 ac
167 963 266 1001 salutaris
282 963 330 1001 viae
346 963 488 1001 directionem
504 964 638 1001 demonstrat
654 963 777 1001 errantibus
786 976 796 1000 »
805 967 830 1000 ⁶⁹.
846 963 872 1000 Et

43 1046 90 1079 cap.
102 1036 120 1081 9,
133 1039 182 1079 post
195 1036 273 1073 multos
284 1039 354 1074 textus
367 1047 393 1073 ex
406 1048 422 1073 s.
436 1036 548 1080 Scriptura
561 1037 643 1080 allatos,
657 1037 741 1080 quaerit
752 1036 806 1081 quid
817 1036 871 1074 haec

44 1108 86 1146 sibi
97 1108 170 1152 velint,
185 1108 247 1145 «nisi
260 1109 318 1153 quod
331 1109 354 1145 in
367 1108 402 1146 his
415 1109 517 1146 omnibus
531 1111 551 1145 et
564 1109 633 1152 gratia
644 1109 684 1145 Dei
698 1112 718 1146 et
731 1109 821 1146 libertas
835 1120 872 1147 no·

44 1181 81 1218 stri
96 1181 217 1218 declaratur
230 1181 322 1235 arbitrii,
336 1184 356 1220 et
370 1181 421 1225 quia
434 1181 499 1218 etiam
514 1181 558 1218 suis
573 1181 684 1218 interdum
698 1181 793 1219 motibus
806 1181 871 1219 homo

44 1253 70 1289 ad
87 1253 190 1290 virtutum
207 1253 315 1297 appetitus
331 1254 401 1297 possit
418 1253 512 1296 extendi,
530 1264 615 1297 semper
631 1264 682 1290 vero
698 1253 795 1297 indigeat
812 1254 872 1291 adiu-

43 1325 96 1361 vari.
109 1325 153 1362 Nec
167 1326 225 1362 enim
239 1336 287 1362 cum
301 1325 394 1363 voluerit
407 1326 455 1370 quis
470 1326 561 1363 sanitate
573 1325 700 1369 perfruitur,
714 1329 750 1363 aut
764 1327 790 1363 de
805 1326 872 1369 aegri-

44 1397 125 1434 tudinis
138 1398 214 1435 morbo
226 1408 266 1441 pro
280 1397 366 1435 arbitrii
378 1398 411 1435 sui
424 1397 533 1435 desiderio
544 1398 656 1435 liberatur.
671 1398 727 1441 Quid
740 1400 810 1435 autem
823 1408 872 1442 pro-

45 1469 91 1506 dest
108 1470 206 1507 sanitatis
224 1470 315 1513 gratiam
334 1471 469 1514 concupisse,
488 1470 531 1506 nisi
548 1471 655 1508 Dominus
673 1471 710 1514 qui
728 1471 785 1507 vitae
802 1471 872 1513 ipsius

43 1551 105 1585 usum
116 1541 198 1585 tribuit,
211 1541 275 1579 etiam
288 1542 384 1586 vigorem
397 1541 554 1579 incolumitatis
567 1542 692 1586 impartiat?
703 1542 732 1580 Ut
746 1545 816 1580 autem
830 1543 872 1580 evi-

45 1613 129 1650 dentius
142 1614 228 1658 clareat,
243 1614 307 1651 etiam
320 1625 360 1659 per
372 1617 461 1652 naturae
474 1615 555 1652 honum
570 1616 629 1659 quod
642 1614 747 1652 beneficio
763 1614 872 1653 Creatoris

44 1685 151 1722 indultum
168 1689 206 1730 est,
224 1696 387 1731 nonnumquam
404 1686 511 1724 bonarum
529 1688 664 1724 voluntatum
682 1687 772 1730 prodire
790 1687 872 1730 princi-

44 1755 86 1799 pia,
104 1768 158 1801 quae
175 1761 253 1802 tamen,
270 1758 313 1795 nisi
331 1770 342 1796 a
359 1758 453 1796 Domino
471 1758 599 1802 dirigantur,
618 1759 645 1796 ad
663 1759 872 1797 consummationem

44 1828 147 1877 virtutum
161 1829 276 1873 pervenire
289 1841 333 1868 non
348 1833 445 1874 possunt,
460 1831 575 1874 Apostolus
590 1831 651 1868 testis
665 1835 697 1868 est
712 1831 797 1869 dicens:
813 1831 872 1873 Velle

45 1900 128 1938 adiacet
145 1902 206 1946 mihi,
222 1902 326 1945 perficere
344 1905 415 1940 autem
432 1914 475 1940 non
494 1903 582 1940 invenio
592 1916 602 1939 »
611 1907 635 1940 ⁷⁰.
652 1902 705 1947 Cap.
724 1905 759 1941 11:
780 1916 790 1939 «
799 1903 826 1940 Et
842 1904 872 1948 ita

45 1975 94 2008 sunt
105 1973 159 2010 haec
171 1974 331 2018 quodammodo
344 1974 463 2012 indiscrete
477 1975 584 2019 permixta
597 1978 660 2020 atque
674 1975 771 2020 confusa,
785 1975 873 2020 utquid

46 2054 71 2080 cx
87 2055 129 2088 quo
146 2046 239 2089 pendeat
257 2046 315 2084 inter
332 2047 410 2083 multos
429 2057 506 2090 magna
524 2047 650 2091 quaestione
669 2048 774 2093 volvatur,
793 2047 817 2084 id
835 2050 872 2090 est,

45 2117 115 2153 utrum
133 2118 183 2161 quia
202 2117 289 2155 initium
307 2119 378 2156 bonae
396 2119 513 2156 voluntatis
532 2119 703 2163 praebuerimus,
720 2120 873 2162 miserereatur

45 2188 113 2224 nostri
126 2189 193 2234 Deus;
207 2199 234 2226 an
248 2190 299 2234 quia
312 2191 370 2228 Deus
383 2191 504 2234 miseretur,
520 2201 678 2236 consequamur
692 2191 761 2229 bonae
776 2192 873 2229 volunta-

46 2260 72 2295 tis
88 2260 188 2298 initium?
202 2261 263 2298 Multi
280 2262 337 2299 enim
354 2262 438 2306 singula
452 2264 506 2300 haec
523 2267 650 2307 quaerentes
666 2274 691 2301 ac
708 2265 764 2302 iusto
780 2264 873 2307 amplius

44 2377 187 2388 -—--—.-

91 2465 147 2498 ts·Ps
160 2466 188 2505 58,
202 2466 230 2499 11.

90 2526 107 2549 ⁸⁷
121 2525 140 2558 Is
154 2526 183 2566 65,
195 2525 224 2559 24.

91 2586 108 2609 ⁸⁸
121 2584 140 2618 Is
154 2585 223 2625 30,19.

92 2646 109 2668 ⁶⁹
122 2645 155 2678 ML
167 2646 196 2685 49,
210 2646 244 2679 912
259 2657 284 2680 ss.

91 2707 108 2729 ⁷⁰
122 2704 200 2739 Romi.
214 2726 221 2731 -
235 2707 269 2740 ML
282 2708 311 2748 40,
325 2708 359 2741 918
372 2719 397 2742 ss.
