1952 3093
429 57 550 95 -372-

72 177 148 210 vinitus
165 176 286 216 impellatur.
304 158 332 212 De
350 178 382 212 his
401 179 474 213 dicitur
489 179 619 212 Ecclesiastae
638 177 648 210 7
666 177 723 210 iuxta
741 176 851 210 multorum
869 177 899 210 in-

73 240 245 280 terpretationem:
263 241 371 275 Considera
383 252 443 282 opera
457 243 499 282 Dei,
512 242 565 282 quod
579 250 637 273 nemo
650 241 715 280 possit
727 241 829 279 corrigere,
843 249 902 279 quem

74 303 109 336 illc
123 303 242 343 despexerit;
257 307 277 337 et
290 304 325 337 Iob
340 305 372 338 12:
389 305 408 339 Si
421 305 546 343 destruxerit,
559 313 617 336 nemo
631 305 661 337 est
675 304 709 343 qui
724 303 826 336 aedificet:
841 303 858 336 si
872 303 902 335 in-

74 367 155 399 cluserit
168 366 276 407 hominem,
288 367 357 400 nullus
371 371 401 401 est
414 368 449 408 qui
463 368 544 407 aperiat.
556 366 632 406 Quibus
643 365 709 400 verbis
723 375 802 399 summa
814 365 903 399 difficul-

74 433 105 462 tas
119 430 224 470 indicatur,
237 439 277 469 qua
290 430 341 463 tales
356 434 503 470 convertuntur,
516 433 535 463 et
549 439 614 463 raram
628 429 729 469 quandam
743 429 903 468 singularemque

75 493 109 525 Dei
125 493 280 532 opitulationem
293 503 335 526 esse
350 494 426 527 adhoc
439 493 576 527 necessariam.

123 555 188 589 Causa
200 555 339 590 obdurationis
354 557 422 590 eadem
436 567 487 597 quae
500 556 643 590 excaecationis
657 558 676 589 et
691 556 759 589 eodem
773 556 837 589 modo.
852 556 904 589 Deus

76 620 144 658 itaque
161 618 259 652 obdurare
277 619 351 653 dicitnr
368 620 464 660 negative,
480 619 597 659 permissive
615 622 634 652 et
650 628 685 659 per
702 620 830 653 occasionem.
849 618 905 652 Unde

76 692 116 715 non
128 685 208 715 tantum
222 682 295 716 dicitur
308 683 411 724 obdurare,
425 684 473 723 quia
485 693 525 716 non
539 683 628 722 impertit
640 683 731 722 gratiam,
745 693 784 723 qua
797 693 831 716 cor
844 684 905 716 emol-

77 746 153 785 liretur,
165 749 187 778 nt
199 746 281 786 quidam
291 747 331 780 DD.
343 746 427 780 subinde
439 748 502 780 dicere
512 747 613 785 videntum
627 746 737 786 sedetiam,
748 746 796 787 quia
807 747 906 786 permittit

78 808 163 849 diabolo,
177 812 199 842 ut
213 810 275 843 variis
290 810 355 843 modis
368 810 458 843 homines
474 810 553 842 seducat
568 813 587 842 et
601 810 622 842 in
636 809 689 842 malo
704 809 816 843 obstinatos
831 810 905 849 reddat,

78 876 100 905 ut
115 882 175 912 supra
190 872 311 911 explicatum
326 876 365 912 est3
380 874 455 913 deiude,
470 873 517 912 quia
530 873 628 912 quaedam
641 873 690 906 tacit
704 873 736 906 vel
749 874 854 913 permittit,
869 874 906 907 etsi

79 935 104 968 ob
119 935 181 968 alium
196 935 265 975 finem,
279 936 331 968 unde
346 935 436 969 homines
451 936 566 969 obstinandi
581 946 601 969 se
614 936 635 968 in
650 937 704 969 maio
719 937 842 970 occasionem
858 938 906 970 acci-

78 999 142 1037 piunt.
156 998 253 1032 Diabolus
270 1002 337 1032 autem
353 1000 425 1032 directe
439 1003 468 1032 est
483 1009 543 1032 causa
558 999 702 1039 obdurationis,
717 1001 779 1034 variis
793 1001 857 1033 modis
871 1000 907 1034 ho-

79 1062 154 1094 minem
168 1063 249 1095 adeam
263 1063 392 1103 disponendo,
407 1063 429 1096 de
443 1063 515 1103 quibus
530 1064 579 1096 satis
594 1063 668 1096 dictum
683 1067 717 1097 cst.
731 1064 774 1103 Ipse
788 1074 833 1097 vero
847 1064 907 1097 homo

80 1135 117 1158 sua
132 1125 212 1159 malitia
228 1126 307 1165 proprie
324 1131 353 1159 est
370 1137 430 1160 causa
444 1127 500 1159 illius
516 1126 613 1166 effectrix,
631 1129 728 1166 quatenus
745 1130 815 1167 sponte
832 1128 907 1160 malum

80 1188 142 1228 eligit,
155 1191 174 1221 et
189 1189 277 1222 firmiter
291 1190 309 1221 ei
322 1189 366 1222 vult
381 1190 488 1228 inhaerere,
503 1190 595 1222 omnibus
609 1190 692 1222 monitis
707 1193 726 1223 et
742 1191 907 1230 inspirationibus

80 1252 186 1285 contrariis
202 1253 336 1292 repudiatis».

133 1394 189 1437 Ergo
210 1395 327 1432 obstinatio
348 1396 498 1438 complectitur
519 1400 538 1433 et
557 1397 720 1439 perversionem
740 1397 818 1433 iudicii
838 1400 858 1433 et
876 1398 908 1434 in·

81 1469 222 1507 clinationem
238 1471 356 1507 voluntatis
373 1471 396 1506 in
412 1471 498 1515 malum,
515 1475 536 1508 et
550 1471 580 1508 ita
595 1471 714 1514 opponitur
730 1471 811 1508 directe
827 1472 908 1515 gratiae

82 1545 167 1589 actuali,
183 1556 238 1589 quae
255 1549 286 1582 est
302 1545 433 1583 illuminatio
448 1546 569 1583 intellectus
584 1549 607 1603 vet
622 1545 737 1584 inclinatio
752 1546 869 1584 voluntatis
885 1546 908 1582 in

81 1620 169 1658 bonum.
182 1619 249 1658 Causa
261 1621 415 1658 obstinationis
427 1621 521 1664 positiva
531 1621 617 1658 interna
630 1624 661 1659 est
673 1622 720 1665 ipse
731 1621 803 1665 homo,
815 1621 909 1665 positiva

82 1698 171 1732 externa
184 1696 282 1733 diabolus
295 1699 315 1733 et
326 1696 364 1740 (1111
376 1707 424 1732 eum
437 1697 546 1739 adiuvant,
559 1696 658 1740 negativa
671 1701 692 1733 et
704 1697 834 1740 permissiva
846 1696 909 1733 Deus.

84 1771 204 1809 Obstinatio
220 1772 305 1808 bomini
322 1772 447 1814 imputatur,
464 1772 514 1815 quia
528 1771 596 1809 libere
613 1772 725 1815 peccando
742 1770 910 1808 obstinationem

84 1844 106 1879 in
121 1854 143 1880 se
157 1844 254 1880 causavit
267 1847 287 1881 et
300 1844 351 1888 quia
364 1844 432 1880 libere
445 1844 548 1887 perdurat
561 1845 584 1880 in
596 1844 715 1887 peccando.

136 1921 250 1965 Quaeritur
268 1931 325 1965 ergo,
341 1924 413 1958 utrum
429 1922 499 1957 omnis
515 1926 617 1965 peccator
633 1921 712 1958 habeat
728 1921 819 1965 gratiam
837 1921 864 1958 ad
880 1933 911 1958 sa-

84 1995 150 2031 lutem
165 1994 320 2038 acquirendam
336 1993 487 2030 necessariam.
502 1992 553 2030 Cum
568 1994 636 2037 gratia
652 1994 671 2029 ei
688 1993 810 2030 necessaria
825 1993 852 2029 sit
867 1996 911 2029 tum

85 2067 113 2103 ad
125 2067 259 2111 superandas
274 2067 357 2110 aliquas
372 2066 508 2108 tentationes,
522 2070 546 2102 ut
560 2066 598 2102 (liu
611 2066 680 2108 possit
695 2076 781 2103 servare
794 2066 863 2109 legem
876 2075 912 2101 na-

85 2140 176 2177 turalem
188 2139 259 2183 quoad
271 2138 421 2182 substantiam,
431 2141 455 2174 ut
464 2139 533 2181 possit
544 2138 623 2175 evitare
634 2140 747 2182 peccatum
759 2138 855 2181 mortale,
867 2140 912 2174 tum

87 2212 150 2250 etiam
165 2213 193 2249 ad
208 2224 229 2249 se
245 2211 406 2256 disponendum
421 2211 449 2248 ad
461 2211 647 2254 iustificationem,
661 2210 758 2255 quaestio
774 2210 812 2247 sub
827 2209 913 2247 diverso

87 2289 184 2329 respectu
202 2285 289 2322 tractari
307 2279 388 2328 potest:
406 2282 499 2321 habetne
515 2283 605 2327 gratiam
622 2283 649 2321 ad
664 2282 778 2320 vitandum
793 2270 913 2326 peecatum,
953 2299 955 2302 .

87 2358 122 2402 qui
138 2361 198 2395 actus
213 2369 252 2401 per
267 2369 289 2395 se
303 2368 346 2394 non
362 2356 425 2393 debet
439 2367 484 2393 esse
500 2355 610 2392 eutitative
625 2354 805 2399 supernaturalia
821 2354 914 2392 habetne

87 2431 178 2474 gratiam
193 2431 221 2468 ad
235 2433 295 2468 actus
311 2430 452 2473 disponentes
468 2428 497 2465 ad
511 2427 692 2472 iustificationem,
706 2428 744 2472 (1111
760 2429 820 2465 actus
836 2426 915 2464 debent

89 2514 134 2541 esse
149 2503 260 2541 entitative
275 2501 456 2546 supernaturales.
471 2500 602 2543 Principalis
617 2504 688 2538 tamen
703 2499 800 2545 quaestio
816 2502 847 2537 est
861 2499 915 2536 haec

89 2576 170 2620 ultima,
185 2579 256 2613 utrum
272 2575 309 2613 sci.
323 2574 414 2619 gratiam
427 2573 506 2610 habeat
519 2572 546 2610 ad
560 2572 731 2611 conversionem.
746 2571 768 2610 Si
783 2571 871 2609 adeam
886 2571 915 2608 af-

90 2648 198 2686 firmative
217 2647 394 2692 respondendum
413 2649 450 2689 est,
468 2646 511 2682 iam
528 2645 619 2682 habetur
637 2645 712 2682 saltem
730 2644 824 2682 mediate
841 2643 916 2681 adesse

90 2722 180 2765 aratiam
200 2722 228 2759 ad
247 2721 336 2758 vitanda
354 2721 453 2763 peceata;
474 2728 523 2754 nam
543 2719 579 2762 (1111
599 2717 723 2755 immediate
742 2716 807 2755 hahet
825 2716 917 2760 gratiam
