1952 3093
487 38 595 75 „73-

129 153 235 196 Sanctitas
251 158 380 202 intelligitur
396 159 481 196 interna
499 160 609 203 sanctitas,
626 171 668 204 qua
685 160 749 198 homo
767 170 810 197 non
829 161 898 198 solum
915 172 955 204 pro

130 235 204 268 sancto
218 235 239 268 et
253 233 309 268 iusto
324 232 421 275 habetur,
435 233 473 269 sed
488 233 619 269 intrinsecus
633 235 720 271 sanctus
735 233 880 278 constituitur,
896 244 920 270 ea
933 240 956 272 ut

129 306 187 347 patet
198 304 318 347 sanctitate,
331 315 385 349 quae
397 305 461 342 unice
474 305 497 341 in
510 306 620 348 praesenti
633 305 710 343 ordine
723 306 823 350 habetur3
837 307 955 351 renovatio,

130 377 151 413 id
167 381 199 414 est
213 377 316 414 transitus
332 388 344 414 a
358 377 431 421 priore
448 381 503 414 statu
517 379 545 415 ad
559 389 639 415 novum
653 378 771 421 meliorem,
786 378 824 422 qui
839 379 862 414 in
877 389 902 414 eo
919 383 955 421 est,

128 449 187 493 quod
202 449 267 486 homo
283 449 311 486 sit
326 460 375 487 vere
391 450 467 495 iustus,
482 450 564 487 amicus
580 451 626 495 Dei,
644 454 664 489 et
679 450 742 487 heres
758 450 877 488 secundum
894 461 953 493 spem

128 522 185 558 vitae
196 524 302 566 aeternae,
315 522 352 566 qui
361 521 409 560 iure
422 533 509 566 sperare
520 526 591 566 potest
604 526 624 561 et
637 522 699 560 dehet
711 523 777 560 vitam
790 526 899 560 aeternam
913 523 953 560 sihi

127 596 236 637 tamquam
249 594 289 631 Dei
304 594 373 632 amico
389 595 526 638 promissam.

180 667 298 710 Utrumque
311 670 331 704 et
343 668 442 705 remissio
454 669 538 711 peccati
552 672 571 705 et
582 667 693 705 renovatio
705 669 790 705 interna
801 668 823 703 in
837 669 884 711 ipsa
897 668 956 705 iusti-

129 737 229 777 ficatione
245 739 343 778 habetur.
362 739 471 783 Quaenam
488 744 558 777 autem
577 741 653 777 relatio
672 741 728 777 inter
746 741 783 777 illa
802 740 896 783 exsistat,
915 740 955 777 hoc

129 813 178 849 loco
195 813 292 850 nondum
309 815 422 857 tractatur;
442 814 468 850 de
486 813 542 850 facto
560 823 625 850 unum
643 813 689 850 sine
707 813 773 850 altero
792 823 834 850 non
852 812 953 850 habetur:

130 888 243 928 peccatum
256 896 299 922 non
314 885 431 922 remittitur
444 886 491 924 sine
506 885 676 923 sanctificatione
691 888 710 922 et
726 885 872 929 renovatione,
888 895 955 929 neque

130 958 242 995 renovatio
262 961 281 994 et
301 957 443 994 sanctificatio
462 959 583 1001 peccatoris
604 962 635 995 est
654 958 700 994 sine
718 956 845 994 remissione
865 958 955 1000 peceati.

130 1030 203 1074 Neque
214 1030 256 1067 hac
271 1030 325 1066 thesi
339 1031 382 1066 iam
395 1030 462 1073 magis
477 1035 576 1067 accurate
591 1029 751 1072 determinatur,
766 1030 788 1065 in
803 1040 844 1072 quo
859 1029 895 1065 illa
911 1040 956 1065 san-

131 1101 233 1140 ctificatio
248 1105 268 1140 et
283 1102 395 1139 renovatio
409 1103 519 1139 consistat.

180 1175 278 1212 Breviter
291 1185 340 1218 ergo
355 1175 399 1212 dici
412 1177 493 1218 potest:
509 1175 654 1212 Protestantes
669 1174 787 1211 detendunt
800 1173 905 1210 iustitiam
919 1173 956 1209 im-

129 1249 231 1291 putatam,
253 1246 356 1284 catholici
376 1246 481 1284 iustitiam
503 1247 611 1283 internam
633 1246 751 1289 propriam,
773 1245 816 1288 ipsi
838 1244 953 1282 iustificata

132 1320 286 1356 inhaerentem.

184 1391 299 1435 Proposita
311 1403 396 1436 quoque
412 1397 443 1430 est
458 1394 564 1430 sententia
578 1394 639 1437 quasi
655 1394 736 1431 media:
754 1394 821 1438 aliqui
836 1398 955 1438 protestan-

132 1467 162 1501 tes
180 1464 292 1504 (Martinus
308 1465 392 1506 Butzer)
407 1469 492 1508 praeter
508 1465 612 1502 iustitiam
628 1466 754 1509 imputatam
771 1467 905 1504 admiserunt
921 1468 956 1504 ali-

131 1546 195 1579 quam
207 1536 312 1573 iustitiam
324 1537 479 1574 inhaerentem.
491 1536 561 1574 Etiam
574 1537 640 1582 aliqui
653 1538 755 1575 catholici
771 1537 898 1582 (Centauri,
911 1539 957 1582 Pig-

131 1618 162 1651 ge.
175 1606 279 1652 Gropper,
295 1620 305 1644 «
315 1608 482 1650 Calontenses»)
497 1610 618 1646 doctrinam
632 1610 725 1654 aliquam
740 1611 786 1647 «de
801 1611 884 1654 duplici
898 1611 957 1648 iusti-

133 1681 180 1717 tia»
198 1685 364 1724 proposuerunt.
381 1681 493 1718 Invenitur
507 1682 561 1718 haec
578 1682 598 1717 in
617 1682 673 1719 libro
691 1682 818 1719 «Interim»
840 1682 918 1727 (wilh,
934 1684 955 1718 in

133 1753 345 1796 ‹rhntididagmatea
368 1752 478 1793 (Coloniae
495 1754 553 1797 1544,
573 1753 586 1790 f.
605 1754 637 1795 13)
657 1755 688 1791 sic
707 1755 840 1791 enuntiatur:
863 1754 957 1791 «113111-

133 1835 207 1861 camur
222 1837 234 1862 a
249 1826 294 1862 Deo
309 1825 392 1862 iustitia
409 1826 491 1869 duplici
507 1829 615 1870 tamquam
630 1837 669 1869 per
684 1836 758 1863 causas
775 1822 877 1864 formales
893 1829 913 1863 et
928 1837 957 1863 es-

133 1897 240 1934 sentiales.
253 1897 346 1941 Quarum
358 1908 401 1934 una
414 1902 433 1934 et
445 1898 506 1940 prior
517 1900 548 1934 est
560 1900 707 1935 consummata
720 1897 800 1935 Christi
813 1898 901 1941 iustitia,
914 1908 956 1935 non

132 1969 220 2013 quidem
233 1970 342 2013 quomodo
356 1972 416 2006 extra
430 1980 469 2006 nos
482 1970 504 2005 in
519 1970 566 2012 ipso
580 1973 616 2013 est,
630 1971 667 2007 sed
682 1970 737 2006 sicut
750 1973 770 2007 et
782 1970 868 2013 quando
883 1970 956 2007 eadem

133 2041 196 2078 nohis
211 2042 270 2083 (dum
281 2044 351 2078 tamen
363 2041 405 2078 fide
417 2041 595 2084 apprehenditur]
609 2042 636 2078 ad
648 2041 752 2078 iustitiam
764 2043 889 2084 imputatur.
899 2042 957 2078 Haec

134 2114 180 2156 ipsa
197 2115 227 2151 ita
246 2113 308 2150 nobis
327 2114 432 2157 imputata
452 2113 533 2149 iustitia
553 2113 633 2150 Christi
651 2113 769 2156 praecipua
788 2117 819 2150 est
837 2118 856 2151 et
876 2124 956 2150 summa

133 2185 293 2224 iustificationis
309 2189 395 2222 nostrae
411 2196 481 2227 causa,
499 2185 534 2221 cui
550 2184 702 2228 principaliter
719 2185 784 2222 inniti
803 2189 823 2222 et
839 2185 905 2223 fidere
924 2185 957 2222 de-

133 2259 214 2295 hemus.
229 2259 297 2294 Aliter
312 2269 362 2295 vero
379 2257 521 2294 iustificamur
536 2257 656 2294 formaliter
671 2268 710 2301 per
725 2256 829 2294 iustitiam
845 2258 957 2294 inhaeren-

134 2334 182 2374 tem,
198 2342 252 2374 quae
267 2330 394 2367 remissione
409 2332 547 2372 peccatorum
564 2329 626 2365 simul
643 2340 691 2366 cum
708 2329 848 2366 renovatione
865 2329 957 2372 Spiritus

134 2403 204 2440 Sancti
221 2406 240 2440 et
254 2402 371 2439 diffusione
386 2401 482 2438 caritatis
497 2402 519 2437 in
535 2401 600 2438 corda
615 2405 688 2439 nostra
702 2401 820 2438 secundum
835 2411 956 2438 mensuram

134 2475 182 2511 ttdei
200 2475 368 2519 uniuscuiusque
386 2474 449 2511 nohis
468 2473 566 2516 donatur,
584 2473 707 2510 infunditur
726 2477 746 2510 et
764 2473 787 2509 fit
804 2472 900 2516 propria.
920 2470 957 2510 Cui

134 2551 203 2584 tamen
216 2547 337 2584 inhaerenti
349 2547 444 2584 iustitiae
458 2546 524 2589 (quod
536 2546 563 2582 sit
575 2545 709 2588 imperfecta)
720 2556 763 2582 non
773 2545 889 2582 innitimur
899 2544 957 2588 prin-

134 2620 259 2663 cipaliter».
272 2619 296 2655 In
308 2618 402 2656 concilio
416 2617 535 2654 tridentino
548 2618 644 2661 quaestio
659 2618 684 2654 de
698 2617 780 2660 duplici
792 2617 881 2661 iustitia,
894 2626 956 2660 quant

134 2692 241 2734 imprimis
253 2691 373 2734 Seripando
387 2689 522 2732 defendebat,
534 2689 574 2726 hac
587 2689 655 2726 forma
667 2688 802 2726 discutienda
815 2689 955 2732 proponitur:
