1952 3093
416 46 537 85 -365-

110 164 165 208 Ergo
179 175 254 202 omues
267 166 368 203 veritates
381 167 500 203 servandae
514 166 610 209 perfecte
623 167 646 202 in
660 167 702 204 hoc
714 169 830 210 systemate
844 177 886 204 ser—

57 240 141 275 vantur.
155 236 207 275 Cum
222 240 292 274 autem
307 237 356 282 sint,
370 238 407 282 qui
421 241 503 283 putent,
518 239 541 275 in
555 239 597 276 hoc
611 241 726 282 systemate
741 249 785 276 non
798 248 886 276 manere

58 309 177 355 perfectum
195 309 316 347 dominium
331 310 377 355 Dei,
392 297 468 354 paucis
483 309 554 349 adhue
571 311 729 349 ostendendum
745 322 788 354 eos,
804 311 841 355 qui
856 310 886 347 ita

58 382 159 427 sentiunt,
175 381 228 422 falli.
242 382 299 420 Deus
316 382 376 420 dedit
388 383 481 420 liberum
496 383 617 427 arbitrium,
632 384 688 421 Deus
702 384 724 420 in
741 383 825 421 actibus
840 383 886 420 eius

58 454 178 499 concurrit;
192 454 240 499 ipse
254 454 314 492 dedit
328 455 385 492 dona
397 450 516 508 habitualia
531 458 551 493 et
564 456 657 493 actualia
670 455 697 493 ad
710 460 770 493 actus
784 465 886 499 superna-

58 526 146 572 turales;
161 529 182 564 et
196 526 296 571 eligendo
309 526 378 564 libere
390 531 527 571 praesentem
541 528 642 565 ordinem
656 528 703 572 ipse
717 538 802 573 quoque
818 528 886 565 deter-

58 599 149 637 minavit
164 599 284 637 absolutam
301 599 452 637 futuritionem
469 599 567 637 omnium
582 603 668 637 actuum
685 600 750 637 etiam
767 600 886 638 liberorum

59 674 212 714 creaturarum.
231 670 262 709 lta
281 671 377 709 absolute
394 671 450 709 nihil
468 671 601 709 subtractum
619 675 651 709 est
669 683 771 716 supremo
789 672 886 710 dominio

58 743 104 781 Dei.
119 743 179 781 Sicut
192 744 250 781 Deus
264 743 332 781 libere
347 744 421 788 voluit,
436 748 456 782 et
471 743 568 781 absolute
583 743 685 788 decrevit,
699 744 733 782 vel
746 744 840 788 positive
855 744 886 781 in-

59 815 168 853 tendendo
181 816 204 853 in
218 815 302 853 actibus
316 815 387 859 bonis,
399 817 433 853 vel
446 816 593 860 permittendo
607 816 630 852 in
643 816 705 854 malis
717 816 842 860 moralibus,
857 816 887 853 ita

58 888 131 926 omnia
144 890 253 926 eveniunt.
263 888 336 926 Potest
346 889 403 926 Deus
415 884 548 926 voluntatem
560 888 657 926 hominis
670 899 755 926 movere
767 888 795 926 ad
805 888 886 926 bonum

59 964 129 998 actum
144 961 200 998 sicut
213 961 260 1005 ipse
273 962 318 998 vult
332 965 353 998 et
365 960 512 998 infallibiliter
524 964 584 998 actus
598 961 645 997 erit.
659 960 701 998 Cor
713 961 827 998 hominum
840 971 887 1004 per-

59 1033 115 1070 fecte
127 1033 150 1069 in
163 1043 228 1070 manu
239 1033 279 1070 Dei
292 1035 332 1077 est;
347 1033 437 1070 rebelles
449 1044 534 1077 quoque
545 1015 667 1071 voluntates
679 1033 707 1070 ad
719 1044 741 1071 se
754 1036 826 1077 potest
838 1043 887 1070 con-

60 1108 149 1149 vertere,
163 1105 193 1142 ita
207 1108 229 1142 ut
244 1105 312 1143 libere
326 1105 400 1148 velint,
414 1105 473 1150 quod
487 1105 545 1143 Deus
560 1105 606 1143 vult
621 1116 657 1142 eos
673 1105 759 1147 vellem,
775 1105 825 1149 quia
841 1105 887 1148 ipse

60 1189 84 1214 ea
102 1177 301 1221 mediacognovit,
320 1176 399 1221 quihus
418 1176 564 1215 infallibiliter
584 1187 665 1214 anexus
684 1180 715 1215 est
733 1180 793 1215 actus
811 1176 887 1214 bonus.

61 1249 95 1286 Sic
114 1249 139 1293 in
156 1250 198 1287 hoc
216 1251 330 1293 systemate
350 1259 474 1293 supremum
494 1243 615 1286 dominium
634 1249 674 1286 Dei
693 1249 760 1285 multo
780 1248 849 1286 maius
868 1253 888 1286 et

60 1321 178 1364 perfectius
193 1321 324 1365 agnoscitur,
339 1332 403 1366 quam
417 1322 435 1358 si
448 1321 506 1358 Deus
521 1320 591 1358 solum
604 1332 644 1364 per
657 1320 751 1365 aliquam
766 1320 888 1364 praedeter-

61 1392 201 1430 minationem
217 1393 331 1437 physicam
348 1393 494 1430 infallibiliter
511 1396 585 1437 posset
602 1402 688 1430 movere
706 1396 834 1430 creaturam.
852 1392 888 1429 Su-

60 1475 159 1508 premum
178 1464 305 1508 dominium,
324 1466 386 1509 quale
404 1466 427 1501 iu
445 1464 569 1502 Molinismo
587 1465 632 1501 Deo
651 1465 760 1507 tribuitur,
779 1464 833 1501 illud
851 1467 888 1506 est,
949 1470 951 1472 “

60 1537 119 1580 qnod
133 1538 156 1573 in
171 1537 268 1574 fontibus
282 1537 439 1574 manifestatur.

114 1608 169 1652 Ergo
186 1619 234 1645 cum
250 1608 291 1645 hoc
307 1612 400 1653 systema
415 1610 488 1645 omnia
503 1609 603 1652 explicet,
617 1619 671 1652 quae
687 1608 817 1652 explicanda
833 1611 889 1652 sunt,
909 1641 911 1644 Α

62 1687 81 1717 et
96 1684 171 1718 contra
186 1681 267 1717 nullam
282 1682 401 1723 veritatem,
417 1680 443 1717 de
458 1691 500 1725 qua
515 1684 574 1718 certo
589 1684 680 1724 constat,
695 1680 798 1723 offendat,
813 1680 889 1717 admit-

62 1753 150 1789 tendum
168 1755 208 1797 est;
227 1763 277 1795 ergo
295 1751 390 1789 'efficacia
407 1753 488 1795 gratiae
506 1763 531 1789 eo
551 1752 681 1795 explicanda
699 1755 737 1794 est,
756 1752 813 1796 quod
832 1752 889 1788 Deus

62 1823 125 1861 talem
141 1824 225 1861 homini
242 1824 278 1861 dat
293 1825 391 1866 gratiam,
408 1825 492 1867 qualem
510 1824 551 1861 scit
569 1835 615 1861 esse
631 1834 754 1867 congruam,
772 1825 807 1860 cui
823 1824 889 1861 homo

62 1896 189 1933 consentiat.

116 1967 193 2005 Forma
211 1967 330 2005 blotinismi
347 1980 359 2004 a
378 1979 443 2011 supra
462 1968 560 2011 exposita
577 1968 665 2010 paulum
684 1967 789 2005 differens
808 1978 832 2004 ea
852 1969 889 2010 est,

63 2050 126 2083 quam
144 2051 160 2076 s.
176 2039 315 2085 Bellarmino,
332 2039 416 2083 Suirez,
434 2039 471 2075 alii
489 2039 641 2076 defendebant.
659 2039 717 2076 Haec
736 2038 763 2076 ab
781 2038 890 2083 aliquibus

63 2112 150 2148 nomine
164 2124 174 2146 «
184 2110 320 2154 Congruismi
329 2124 339 2146 »
353 2122 365 2148 a
378 2111 502 2148 blolinismo
516 2124 526 2146 «
535 2122 609 2154 puro»
624 2110 774 2155 distinguitur;
788 2110 826 2147 alii
839 2121 890 2147 vero

62 2183 208 2220 llolinismum
224 2182 354 2226 simpliciter
369 2182 445 2219 dicunt
460 2182 631 2226 Congruisnmm
646 2183 697 2226 quia
712 2181 830 2219 efficaciam
845 2191 890 2226 gra-

64 2255 105 2291 tiae
120 2266 145 2292 eo
159 2255 259 2298 explicat,
273 2255 331 2299 quod
346 2255 402 2291 Deus
418 2265 464 2292 eam
477 2255 523 2291 vult
537 2254 587 2291 dare
600 2253 698 2297 gratiam,
711 2264 775 2298 quam
789 2253 830 2290 scit
844 2264 891 2291 esse

64 2337 227 2371 «congruam»,
246 2326 281 2363 eui
300 2325 364 2363 homo
383 2326 511 2363 consentiat.
529 2325 658 2363 Differentia
677 2326 789 2370 utriusque
809 2325 891 2363 formae

64 2408 106 2435 nou
121 2399 221 2436 consistit
235 2398 356 2435 indiverso
371 2398 435 2434 modo
450 2397 575 2440 explicandi
589 2396 707 2446 efficaciam
720 2396 808 2441 gratiae,
822 2408 891 2442 neque

64 2469 86 2505 in
103 2482 134 2513 eo,
151 2471 180 2507 uti
198 2470 265 2514 aliqui
282 2469 423 2512 affirmabant,
439 2469 498 2513 quod
516 2467 709 2512 «Congruismus»
728 2468 831 2507 defendat
849 2469 891 2506 col-

64 2542 166 2579 lationem
184 2541 265 2585 gratiae
285 2552 331 2578 esse
350 2540 466 2584 specialem
485 2540 658 2577 benevolentiam
677 2540 724 2582 Dei,
744 2551 792 2578 cum
814 2540 892 2578 «Moli-

113 2706 132 2728 ⁹1
145 2702 174 2736 Cf.
191 2702 250 2735 verba
268 2713 283 2735 s.
301 2702 406 2740 Augustini
424 2711 484 2740 supra
501 2710 543 2740 pag.
562 2701 596 2734 340
615 2712 629 2734 s.
