1952 3093
411 71 532 109 —155-

52 192 245 239 ’1)113;.1113301110111
256 191 399 230 condiciones
409 192 432 229 iu
444 192 549 235 singulari
560 203 611 230 casu
621 203 667 230 esse
679 192 786 237 impletas,
798 201 842 229 non
854 193 886 229 est

60 266 184 310 revelatum
198 273 248 308 ergo
260 264 362 308 specialis
374 265 477 303 revelatio
490 264 609 310 requiritur
622 264 709 308 adhoc,
722 267 746 303 ut
758 265 823 303 homo
837 275 886 308 pos-

60 341 86 380 sit
96 337 139 375 fide
153 337 228 375 divina
240 337 329 374 credere
343 348 365 375 se
378 348 424 374 esse
437 337 461 373 in
474 339 531 375 statu
543 337 631 380 gratiae.

109 409 205 448 Ulterius
217 411 288 460 autem
300 409 484 452 communissime,
495 409 540 447 tere
553 410 686 447 unanimiter
697 408 792 454 theologi
805 411 886 452 tenent,

59 497 84 524 ue
99 481 252 520 certitudinem
268 481 356 526 quidem
372 482 516 526 theologicam
532 482 558 520 de
573 481 663 527 propria
679 481 833 521 iustificatione
848 482 885 519 ha·

5 559 7 561 ’
59 555 137 597 1011511.
152 554 207 592 Nam
222 554 246 591 in
260 554 396 599 syllogismo:
417 554 492 592 «Deus
509 555 614 592 revelavit
629 566 651 592 se
667 554 706 592 sub
723 554 757 592 his
774 553 886 592 condicio·

60 628 122 667 nibus
141 627 251 664 remittere
269 629 392 671 peccatum3
412 636 450 671 ego
469 629 540 664 autem
559 627 607 664 illas
625 626 767 665 condiciones
785 626 885 671 implevi;

61 710 108 744 ergo
126 709 173 737 sum
190 699 213 736 in
231 701 287 737 statu
302 698 403 742 gratiae»
421 698 444 735 in
461 698 545 736 minore
563 709 607 737 non
623 699 715 737 habetur
732 699 770 736 illa
788 699 886 736 absoluta

60 771 172 816 certitudo,
181 782 224 817 qua
233 782 296 809 error
305 771 395 808 omnino
406 771 564 809 excluderetur.
573 771 630 809 Hinc
641 772 726 814 docent,
736 771 812 810 haberi
822 782 885 816 posse

60 849 79 883 et
94 844 171 881 haberi
189 843 303 881 scientiam
320 843 495 888 coniecturalem,
513 844 536 881 id
554 847 586 881 est
605 844 758 881 certitudinem
776 844 885 888 quandam

60 916 162 955 moralem
180 925 244 953 sensu
260 915 347 960 latiore;
365 916 432 953 immo
449 918 539 953 censent
555 916 636 953 honum
654 927 700 953 esse
717 916 809 960 homini,
827 915 886 960 quod

61 1000 102 1027 non
120 988 198 1026 habeat
216 987 335 1025 absolutam
354 988 514 1032 certitudinem,
532 991 622 1032 propter
639 989 760 1031 periculum
777 999 886 1032 praesum-

60 1060 147 1106 ptionis.
162 1060 203 1098 Sed
218 1060 276 1098 nullo
291 1060 355 1098 modo
371 1061 449 1099 docent
463 1064 580 1105 propterea
593 1060 693 1098 homines
708 1071 793 1105 semper
808 1060 886 1098 debere

61 1132 159 1171 dubitare
175 1135 196 1169 et
209 1131 316 1170 haesitare
333 1132 359 1170 de
375 1143 414 1170 sua
428 1143 477 1169 cum
491 1133 536 1169 Deo
552 1133 738 1170 reconciliatione.

111 1204 130 1242 S.
150 1204 341 1243 Bellarmino
355 1216 359 1242 :
376 1208 393 1231 ⁵2
413 1205 505 1243 «Tertia
518 1205 631 1249 sententia,
645 1216 699 1250 quae
713 1205 849 1243 communior
863 1204 885 1241 in

61 1276 151 1314 ecclesia
166 1280 198 1314 est
205 1280 229 1320 ⁵³,
244 1286 287 1314 non
303 1277 359 1314 tollit
374 1277 462 1321 quidem
478 1288 563 1315 omnem
579 1278 727 1321 formidinem,
743 1281 814 1315 tamen
830 1277 886 1315 tollit

61 1359 146 1386 omnem
160 1349 290 1386 anxietatem
306 1352 327 1386 et
340 1349 506 1398 haesitationem
521 1353 542 1388 et
555 1350 625 1393 ipsam
641 1350 706 1387 etiam
722 1349 886 1391 dubitationem,

61 1422 78 1459 si
91 1420 169 1459 dubius
184 1421 274 1467 dicatur,
288 1422 381 1467 quinon
396 1422 460 1459 audet
471 1422 535 1459 alteri
547 1422 605 1466 parti
619 1422 727 1460 assentiri.
740 1421 814 1466 Neque
828 1421 887 1459 enim

61 1495 117 1530 bona
130 1497 162 1531 est
173 1494 343 1537 argumentatio:
360 1494 462 1531 catholici
477 1504 520 1531 non
534 1494 615 1532 habeut
628 1494 782 1531 certitudinem
794 1493 846 1531 fidei
861 1494 898 1531 de·

62 1576 98 1603 sua
110 1564 270 1611 iustificatione,
281 1565 348 1610 igitur
359 1576 445 1610 semper
458 1566 563 1610 dubitant,
576 1566 672 1610 haerent,
684 1566 744 1604 anxii
758 1568 817 1611 suut;
831 1565 887 1603 sicut

61 1649 129 1683 neque
141 1641 217 1676 contra
225 1641 283 1676 recte
294 1637 342 1683 quis
354 1639 504 1676 concluderet:
518 1639 620 1676 catholici
631 1649 675 1677 non
687 1641 737 1676 sunt
747 1638 806 1675 anxii
818 1649 887 1683 neque

61 1710 169 1747 haesitant
185 1710 211 1747 de
228 1720 266 1747 sua
283 1710 442 1753 iustificatione,
460 1711 526 1754 igitur
544 1711 597 1748 certi
615 1714 664 1748 sunt
682 1711 812 1748 certitudine
829 1710 887 1752 fidei,

63 1781 103 1819 sibi
119 1781 210 1820 remissa
224 1793 270 1820 esse
285 1784 381 1826 peccata.
396 1782 464 1820 Datur
479 1782 537 1820 enim
552 1782 635 1827 aliquid
651 1782 746 1820 medium
762 1782 819 1820 inter
833 1781 887 1820 haec

63 1858 163 1899 extrema,
177 1854 280 1893 videlicet
295 1855 402 1893 certitudo
416 1856 522 1900 quaedam
537 1856 626 1892 moralis
642 1858 742 1899 exparte
758 1855 887 1897 intellectus,

63 1928 82 1961 et
96 1936 145 1969 spes
160 1937 184 1963 ac
197 1926 277 1963 fiducia
292 1938 318 1963 ex
332 1930 393 1969 parte
407 1927 531 1964 voluntatis.

114 1990 182 2037 Porro
199 1999 291 2037 solidam
309 2000 480 2037 consolationem
498 2002 518 2037 et
535 2010 610 2043 pacem
629 2010 653 2036 ac
672 1998 851 2043 tranquillitatem
868 2001 888 2035 et

62 2071 165 2109 laetitiam
182 2071 308 2109 interiorem
326 2072 389 2115 longe
407 2072 484 2109 melius
501 2072 570 2115 gignit
588 2073 610 2108 in
629 2072 743 2109 catholicis
760 2072 818 2109 bona
838 2082 887 2109 con-

63 2141 159 2187 scientia,
171 2143 280 2185 contritio,
293 2143 379 2186 caritas,
392 2143 487 2180 studium
500 2143 608 2180 honorum
622 2154 718 2187 operum,
733 2144 834 2187 frequens
847 2143 888 2180 Eu—

64 2215 179 2254 charistiae
194 2216 313 2260 perceptio,
328 2216 424 2254 visitatio
439 2216 532 2260 Spiritus
549 2216 625 2259 sancti,
642 2226 695 2260 quae
711 2218 743 2253 est
758 2225 838 2253 manna
854 2214 888 2253 ab·

64 2287 192 2332 sconditum,
205 2288 263 2332 quod
276 2298 339 2325 nemo
354 2288 401 2331 scit,
413 2289 456 2325 nisi
470 2289 507 2332 qui
522 2288 608 2331 accipit,
621 2299 685 2332 quam
699 2288 772 2325 inanis
786 2289 823 2326 illa
836 2288 889 2325 fidu—

110 2439 172 2473 511ta
185 2439 246 2472 etiam
261 2439 362 2472 Scotistae.
377 2438 466 2478 Frasseu,
481 2438 550 2472 Scotus
565 2437 694 2477 academicus,
709 2440 757 2471 tom.
773 2437 789 2477 8,
806 2437 855 2477 disp.
871 2437 887 2476 3,

65 2499 99 2529 art.
111 2499 127 2537 3,
140 2499 257 2538 quaesitos.
268 2518 293 2522 —
302 2499 382 2538 Minges,
394 2499 461 2532 Theoi.
474 2499 537 2538 dogm.
549 2508 604 2537 spec.y
616 2501 664 2532 tom.
676 2499 693 2537 2,
704 2508 733 2531 nr.
746 2499 786 2531 151.

111 2562 128 2582 ⁵2
141 2559 168 2590 De
181 2559 321 2591 iustificatione
333 2559 367 2590 lib.
380 2558 391 2591 3
403 2568 444 2596 cap.
457 2559 485 2596 11,
496 2559 517 2590 in
529 2558 572 2590 fine.

111 2623 127 2644 ⁵³
142 2620 207 2652 Prima
219 2622 261 2652 erat
272 2619 381 2659 (1111311111,
393 2619 426 2651 scl.
438 2618 507 2652 hahcri
517 2628 575 2658 posse
586 2618 726 2652 certitudinem
737 2617 791 2657 fidei;
803 2619 888 2652 secunda

65 2687 87 2709 ca
100 2688 149 2718 quae
161 2690 200 2712 non
215 2680 294 2719 quidem
307 2680 447 2712 certitudinem
458 2679 509 2719 fidei,
523 2679 556 2712 sed
568 2682 635 2713 tamen
647 2679 709 2713 talem
723 2679 791 2713 dicunt
803 2679 889 2719 possibi-

66 2737 103 2768 lem
112 2728 156 2771 ‘esse
169 2740 300 2778 securitatem,
313 2740 405 2772 utnulla
417 2740 441 2772 de
452 2739 533 2778 propria
544 2740 624 2773 iustitia
637 2740 689 2773 adsit
702 2740 794 2773 formido.
882 2729 883 2735 ἵ
