1952 3093
393 72 514 114 —157„—

45 199 129 247 quidem
144 200 167 233 tu
183 208 241 233 ames
256 197 324 239 illum,
341 197 379 233 sed
396 196 461 233 etiam
477 197 502 233 de
521 196 668 233 sollicitudine
686 207 729 239 sua,
747 206 812 239 quam
827 205 867 238 pru

46 279 63 310 (ε
76 268 136 312 gerit,
149 268 168 304 si
181 271 201 305 te
214 268 306 304 senserit
319 267 436 304 sollicitum
450 268 490 304 sui.

95 340 155 378 Hanc
167 340 233 384 igitur
246 339 399 377 certitudinem
412 339 505 377 libenter
519 339 662 385 agnoscimus
674 350 728 384 quae
742 350 784 376 non
799 338 868 376 oritur

45 429 68 455 ex
80 413 257 458 praesumptione
271 413 389 456 imputatne
402 413 503 456 iustitiae,
518 423 587 456 neque
602 415 633 449 est
648 412 754 451 certitudo
770 412 820 450 fidei
835 421 868 448 ca-

45 485 142 528 tholicae,
158 485 196 522 sed
212 485 280 522 oritur
297 496 322 520 ex
338 485 434 520 caritatis
451 488 471 525 et
485 495 575 527 operum
590 485 697 522 honorum
713 485 868 527 experimento,

45 570 67 598 ac
81 567 120 601 per
132 556 173 593 hoc
187 556 275 594 moralis
287 558 308 593 et
322 555 475 593 coniecturalis
489 555 596 593 certitudo
610 556 719 592 nominari
732 558 821 599 potest»

382 796 534 835 Obtecttones

94 931 161 962 Plures
172 933 218 962 sunt
229 933 295 962 textus
306 941 321 963 s.
333 931 535 969 Scriptu1·ae‚quivel
547 930 571 962 ah
581 930 685 962 haereticis
697 940 731 968 pro
743 930 779 962 tide
790 930 870 968 speciali

48 992 135 1031 propriae
148 990 302 1029 iustificationis,
314 990 346 1022 vel
359 1001 370 1022 a
382 990 485 1023 catholicis
498 1000 533 1029 pro
546 990 588 1022 eius
601 990 670 1022 stricta
683 989 801 1022 certitudine
814 990 871 1021 indn-

48 1053 145 1085 cehantur.
158 1050 229 1082 Nullus
241 1053 308 1083 tamen
320 1050 405 1082 hahetur
415 1052 487 1089 textus,
499 1051 533 1089 qui
547 1053 592 1088 agat
605 1050 627 1082 de
638 1050 675 1081 fide
688 1049 769 1088 speciali
780 1050 871 1087 propriae

47 1112 201 1149 iustificationis;
214 1111 249 1143 alii
262 1111 330 1144 dicunt
342 1111 421 1150 quidem
434 1120 501 1144 ornnes
513 1110 617 1150 perfidem
629 1110 703 1143 Christi
715 1110 824 1149 iustificari,
837 1110 870 1142 sed

47 1173 96 1204 nihil
107 1173 130 1203 de
140 1171 290 1204 condicionibus
301 1171 398 1211 impletis:
410 1171 477 1210 plures
489 1174 549 1210 agunt
560 1171 582 1204 de
593 1171 712 1204 certitudine
721 1171 799 1210 morali,
811 1180 870 1210 quam

48 1242 113 1265 omnes
126 1232 213 1270 theologi
225 1232 340 1270 admittunt,
352 1241 411 1270 quam
423 1232 483 1269 homo
495 1232 597 1269 probando
611 1232 753 1264 conscientiam
766 1240 828 1270 suam,
840 1231 872 1263 vel

48 1302 69 1324 ex
83 1301 104 1324 eo
118 1292 171 1331 quod
182 1292 245 1324 vitam
257 1301 302 1325 vere
314 1291 445 1324 christianam
459 1292 517 1330 ducit,
530 1301 589 1330 opera
602 1292 691 1324 caritatis
704 1294 785 1330 exercet,
799 1291 872 1324 habere

48 1354 116 1391 potest.
128 1352 171 1384 Sint
185 1352 253 1391 aliqua
265 1352 365 1391 exempla:

94 1413 115 1445 Io
127 1414 143 1451 3,
154 1412 187 1445 21:
201 1413 252 1451 «qui
264 1414 330 1445 autern
342 1413 391 1445 tacit
402 1413 511 1452 ueritatem,
524 1413 578 1445 venit
590 1413 614 1445 ad
626 1413 695 1451 lucem,
708 1416 730 1445 ut
742 1412 872 1445 manifesten-

49 1477 78 1505 tur
91 1482 150 1512 opera
163 1474 211 1511 eius,
226 1473 274 1511 quia
287 1474 308 1505 in
323 1473 362 1504 Deo
377 1475 424 1504 suut
438 1473 514 1505 facta».
528 1492 553 1496 -
566 1473 633 1511 Resp:
651 1483 660 1504 ((
669 1473 693 1505 ad
708 1473 771 1505 lucem
786 1473 853 1505 venire
861 1484 870 1505 »

47 1534 133 1565 hocloco
144 1542 184 1564 non
196 1533 292 1571 significat
303 1533 369 1564 venire
380 1533 399 1564 iu
411 1535 486 1565 statum
496 1533 580 1571 gratiam
592 1536 658 1564 textus
667 1543 707 1564 nou
720 1534 759 1571 agit
769 1533 792 1564 dc
803 1536 872 1565 nostra

48 1595 167 1632 quaestione.

95 1654 155 1693 1013,
169 1654 201 1687 35:
216 1654 255 1686 «ln
268 1654 305 1686 hoc
316 1657 433 1692 cognoscent
446 1663 513 1686 omnes
527 1654 574 1693 quia
588 1654 679 1693 discipuli
693 1654 731 1697 mci
745 1654 798 1693 estis,
813 1654 829 1686 si
844 1654 873 1695 di7

50 1714 152 1745 lectionem
168 1714 278 1746 habueritis
297 1714 321 1746 ad
337 1714 421 1746 invicem
429 1724 444 1746 ».
461 1733 486 1737 —
503 1714 560 1753 Resp.
579 1714 660 1752 Signum
677 1714 825 1747 Christianismi
844 1718 872 1747 est

49 1777 117 1806 mutua
132 1775 211 1812 caritas,
228 1783 302 1806 novum
318 1775 435 1806 mandatum
453 1775 535 1812 Christi;
554 1775 588 1813 qui
607 1783 649 1806 eam
667 1777 762 1812 exercent,
779 1774 824 1807 inde
842 1784 873 1807 co-

50 1837 169 1871 gnoscuntur
184 1835 209 1867 ab
226 1835 271 1867 aliis
287 1844 329 1867 esse
344 1835 385 1867 veri
401 1834 515 1872 christiani;
533 1844 572 1867 non
589 1837 655 1867 autem
672 1835 745 1867 (licitur
760 1835 810 1868 alios
828 1835 873 1868 inde

50 1902 162 1932 cognoscere
175 1896 212 1927 tide
226 1895 257 1927 vel
270 1895 387 1927 certitudine
402 1894 494 1941 absoluta
507 1905 539 1927 cos
555 1905 596 1927 esse
610 1896 631 1927 in
646 1898 700 1928 statu
714 1896 795 1935 gratiae,
809 1905 874 1938 neque

50 1955 101 1991 ipsos
112 1956 149 1987 hoc
161 1963 284 1993 cognoscere;
297 1959 382 1993 possunt
395 1959 460 1987 tamen
474 1965 496 1987 ex
509 1956 562 1987 bona
573 1956 615 1988 vita
626 1956 736 1988 christiana
747 1956 819 1988 hahere
832 1966 873 1988 mo-

50 2015 110 2047 ralem
123 2016 180 2048 illam
193 2016 337 2054 certitudinem,
352 2025 412 2055 quam
426 2025 493 2048 omnes
509 2017 623 2048 admittunt.
638 2016 692 2048 Idem
706 2016 810 2048 dicendum
825 2017 849 2049 ad
864 2018 872 2049 1

51 2075 211 2114 103,11;1,12;
225 2076 279 2115 5,19.

94 2137 115 2168 10
128 2137 155 2175 14,
168 2137 199 2168 17:
214 2146 266 2169 «vos
278 2139 344 2168 autem
354 2138 474 2174 cognoscetis
487 2146 531 2169 cum
544 2137 587 2174 (scl.
599 2136 695 2175 Spiritum
706 2137 803 2176 veritatis,
815 2147 873 2176 quern

51 2195 107 2228 Pater
118 2197 188 2235 dabit),
200 2197 248 2236 quia
260 2197 312 2235 apud
323 2206 358 2230 vos
369 2197 458 2229 manebit
470 2201 489 2229 et
500 2199 520 2229 in
533 2197 589 2229 vobis
601 2197 638 2229 crit
645 2207 661 2229 ».
673 2216 698 2220 —
708 2197 766 2237 Resp.
776 2198 874 2238 Discipuli

50 2260 165 2294 cognoscent
179 2257 275 2296 Spiritum
287 2257 384 2295 veritatis,
399 2258 446 2296 quia
461 2258 513 2295 apud
527 2268 560 2289 cos
575 2258 617 2296 erit,
632 2257 707 2291 auxilio
724 2258 818 2297 Spiritum
834 2268 873 2291 non

51 2318 115 2348 autem
127 2320 157 2349 est
168 2326 232 2349 sermo
244 2318 267 2349 de
277 2327 305 2356 eo,
317 2317 369 2357 quod
381 2303 420 2356 ipsi
430 2320 548 2356 cognoscant
561 2318 656 2356 Spiritum
666 2328 708 2351 csse
720 2318 820 2351 incorum
832 2320 874 2352 ani-

51 2383 81 2406 ma
95 2377 250 2416 inhabitantem
266 2385 310 2416 ergo
324 2387 388 2410 sermo
402 2387 442 2410 non
457 2381 486 2410 est
499 2378 522 2410 dc
536 2380 604 2410 nostra
618 2379 740 2417 quaestione.

97 2437 117 2469 10
128 2438 157 2477 14,
168 2438 201 2472 20:
215 2438 254 2471 «In
265 2437 301 2470 illo
313 2438 344 2470 die
354 2439 474 2476 cognoscetis
487 2438 535 2477 quia
545 2446 578 2477 ego
591 2448 635 2471 snm
646 2439 667 2471 in
679 2439 736 2472 Patre
747 2449 796 2479 meo,
809 2443 828 2472 et
840 2442 874 2473 v’os

51 2494 70 2526 in
82 2505 112 2529 me
123 2500 142 2530 et
153 2506 186 2536 ego
198 2499 219 2531 in
229 2498 285 2531 vobis
293 2509 309 2531 )>.
320 2517 345 2521 —
354 2498 411 2537 Resp.
424 2498 492 2531 Plures
503 2498 619 2537 intelligunt
630 2508 675 2531 cnm
687 2510 701 2532 s.
714 2500 824 2539 Augustino
836 2511 846 2533 «
854 2501 874 2533 in

51 2554 85 2587 illo
97 2557 146 2590 die»
159 2559 182 2591 de
195 2559 226 2591 die
238 2558 367 2597 aeternitatis,
381 2559 474 2591 debeata
486 2559 563 2591 visione
574 2559 619 2598 Dei;
633 2560 705 2593 melius
719 2549 785 2593 tamen
797 2561 876 2594 videtur

51 2614 200 2656 intelligendum
212 2620 235 2651 de
245 2621 333 2658 tempore
343 2621 388 2657 post
398 2619 561 2651 resurrectionem
572 2618 656 2651 Christi:
668 2622 715 2652 tunc
725 2621 778 2652 enim
790 2622 875 2659 apostoli

51 2676 121 2711 melius
133 2688 210 2719 semper
222 2682 339 2718 cognoscent
353 2678 478 2712 divinitatem
492 2679 571 2719 Christi,
586 2682 605 2712 et
617 2680 711 2713 intimam
725 2681 767 2713 eius
781 2682 876 2714 unionem

52 2743 94 2769 curn
105 2740 146 2771 suis
162 2740 195 2777 (ci.
207 2741 235 2779 15,
248 2740 268 2774 5:
280 2740 334 2779 vitis,
345 2740 454 2779 palmites),
466 2742 568 2779 tamquam
579 2741 651 2779 capitis
663 2750 708 2774 curn
720 2742 875 2776 membrisJ'Nou
