1952 3093
356 82 358 86 ’
420 86 542 125 4503-

65 208 145 248 diffusa
158 213 190 247 est
202 209 225 246 in
238 208 341 246 cordibus
355 209 442 252 nostris,
457 219 501 245 non
514 220 555 252 per
568 209 684 247 voluntatis
699 208 820 252 arbitrium,
835 208 893 252 quod

65 284 97 320 est
111 292 122 318 a
135 281 205 324 nohis,
220 282 258 319 sed
271 292 310 326 per
323 281 428 324 Spiritum
443 281 551 326 Sanctum,
565 282 602 325 qui
618 282 679 319 datus
692 284 724 318 est
736 280 800 318 nobis
809 293 819 315 o
829 284 853 317 1⁷,
896 297 898 300 .

404 534 423 570 S.
439 533 559 571 Scamnum

119 689 139 732 1)
156 690 216 727 Inter
232 689 319 733 auxilia,
337 689 416 733 quihus
434 689 491 726 Deus
510 690 570 726 iuvat
587 689 615 726 ad
632 692 693 726 actus
713 690 823 733 salutares,
843 693 893 725 sunt

65 762 236 799 illuminationes
251 761 384 798 intellectus:
400 761 412 797 2
429 760 470 798 Cor
485 761 503 806 3,
519 761 541 798 5:
558 761 667 799 Idoneitas
682 761 765 805 aliquid
781 760 900 813 cogitandi

66 847 77 872 n
91 835 135 872 Deo
151 838 217 880 est¹ss;
232 834 260 871 ei.
274 835 285 871 2
302 834 343 872 Cor
358 835 376 877 4,
393 834 410 871 ὓ,
423 857 451 861 -
464 833 512 877 Eph
527 835 545 877 1,
561 834 586 872 16
601 845 640 871 ss:
658 834 725 871 «Non
740 845 799 871 cesso
814 834 893 877 gratias

67 916 131 950 agens
144 917 184 950 pro
199 906 268 949 vobis,
281 906 408 943 memoriam
421 906 488 943 vestri
503 906 586 943 faciens
601 907 624 942 in
639 906 774 944 orationihus
788 906 853 943 meis:
871 908 900 959 ut¹

67 979 130 1021 Deus
142 978 231 1015 Domini
245 979 314 1015 nostri
328 979 377 1015 Iesu
392 978 473 1016 Christi
486 981 548 1022 pater
562 978 649 1022 gloriae,
666 979 701 1015 det
715 978 777 1015 vohis
792 978 893 1028 spiritum

67 1051 187 1094 sapientiae
203 1047 228 1088 ‘et
247 1051 393 1094 revelationis
413 1052 436 1087 in
456 1050 566 1094 agnitione
587 1051 643 1088 eius:
665 1050 799 1087 illuminatos
820 1049 894 1087 oculos

68 1123 226 1167 cordisvestri,
240 1126 263 1160 ut
276 1123 350 1160 sciatis
364 1133 418 1167 quae
431 1123 459 1159 sit
471 1133 520 1166 spes
535 1122 656 1160 vocationis
670 1123 722 1166 eius,
736 1125 756 1159 et
770 1133 825 1166 quae
841 1122 894 1159 divi-

67 1195 109 1233 tiae
122 1195 203 1239 gloriae
215 1179 343 1232 hereditatis
356 1195 422 1232 eius...
431 1207 449 1232 ».
460 1217 488 1222 -
501 1196 510 1231 1
523 1195 546 1232 Ιο
560 1195 578 1239 2,
591 1194 627 1231 20:
644 1193 705 1232 «Sed
717 1205 755 1232 vos
768 1195 899 1238 unctionem.

67 1266 152 1304 hahetis
166 1278 178 1304 a
191 1267 276 1311 Sancto,
291 1270 311 1304 et
324 1267 393 1304 nostis
406 1267 480 1304 omnia
488 1278 509 1311 »;
522 1267 547 1303 27
554 1278 559 1304 ⁴.
576 1266 621 1304 «Et
633 1278 671 1304 vos
683 1253 894 1311 unctionequuam

68 1338 184 1382 accepistis
196 1338 222 1376 ab
235 1350 266 1382 eo,
277 1343 363 1376 maneat
374 1339 397 1375 in
409 1338 477 1377 vohis.
490 1338 516 1377 Et
528 1350 572 1375 non
585 1350 673 1376 necesse
684 1339 768 1376 habetis
780 1342 804 1375 ut
816 1338 894 1382 aliquis

69 1411 145 1448 doceat
158 1422 207 1448 vos:
222 1411 262 1448 sed
276 1411 332 1448 sicut
346 1411 419 1448 unctio
433 1412 478 1447 eius
492 1412 555 1448 docet
569 1422 607 1448 vos
622 1411 647 1448 de
662 1410 769 1456 omnihus,
784 1414 805 1448 et
819 1421 894 1447 verum

68 1485 105 1526 est,
118 1486 140 1520 et
151 1492 196 1520 non
209 1486 240 1520 est
252 1483 417 1521 mendacium».

120 1566 140 1609 2)
155 1567 212 1604 Deus
226 1567 287 1604 iuvat
301 1567 412 1610 operando
429 1568 452 1603 in
467 1567 515 1610 ipsa
529 1568 649 1604 voluntate:
667 1567 716 1603 Phil
730 1568 748 1611 2,
764 1567 799 1604 13:
819 1568 894 1604 «Deus

68 1642 99 1676 est
113 1639 178 1682 enim,
191 1639 229 1683 qui
243 1639 382 1682 operatorio
395 1639 457 1676 vohis
472 1644 492 1676 et
505 1640 566 1685 velle,
581 1642 602 1676 et
615 1638 719 1683 perficere
733 1650 774 1683 pro
787 1640 844 1677 hona
859 1651 894 1677 vo-

67 1711 201 1748 luntate»1⁹.
215 1733 243 1738 —
257 1711 269 1747 2
284 1711 352 1747 Thess
368 1711 386 1753 2,
401 1710 437 1748 16:
455 1716 465 1746 <'<
474 1711 522 1754 Ipse
539 1714 609 1748 autern
623 1712 729 1748 Dominus
745 1715 819 1749 noster
834 1712 893 1749 Iesus

69 1783 173 1826 Christus,
189 1786 210 1821 et
223 1784 280 1820 Deus
296 1787 317 1821 et
329 1783 392 1820 Pater
407 1786 487 1827 noster,
502 1784 539 1828 qui
556 1784 632 1820 dilexit
646 1794 692 1827 nos,
708 1787 729 1820 et
744 1784 804 1821 dedit
819 1795 902 1822 conso-¹

69 1855 172 1893 lationem
186 1859 302 1898 aeternam,
316 1859 337 1892 et
350 1850 410 1899 spem
424 1855 504 1892 bonam
518 1855 629 1899 ingratia,
645 1856 769 1893 exhortetur
782 1856 849 1893 corda
861 1867 903 1893 ve·-

69 1929 119 1971 stra‚
131 1930 152 1965 et
164 1926 276 1965 confirmet
287 1927 310 1964 in
323 1927 382 1965 omni
394 1938 466 1972 opere,
478 1931 498 1964 et
510 1938 609 1965 sermone
620 1928 677 1965 bono
686 1941 704 1965 >>.
718 1927 749 1965 Cf.
762 1928 774 1964 2
785 1929 834 1965 Tim
846 1929 864 1971 1,
877 1930 895 1965 7.

122 2011 142 2054 3)
159 2011 277 2049 Illustratio
295 2011 417 2049 intellectus
434 2015 465 2048 est
481 2012 616 2056 immediata3
635 2023 685 2049 nam
702 2013 725 2048 in
742 2013 836 2049 textibus
858 2013 894 2050 suh

69 2083 88 2125 1)
101 2083 171 2121 allatis
183 2083 305 2128 propositio
318 2087 406 2121 externa
420 2084 531 2121 doctrinae
542 2095 582 2127 per
592 2084 778 2128 praedicationem
791 2086 835 2121 iam
846 2096 895 2129 sup-

69 2155 167 2201 ponitur;
183 2158 295 2200 praeterea
311 2167 327 2193 s.
343 2156 435 2193 Ioannes
451 2157 582 2200 unctionem,
599 2167 663 2200 quam
677 2157 764 2201 hahent,
782 2157 895 2201 distinguit

69 2226 95 2264 ab
109 2231 198 2265 externa
210 2227 360 2272 propositione
375 2228 494 2265 doctrinae.
506 2251 533 2256 -
544 2229 662 2272 inspiratio
676 2229 799 2272 voluntatis,
814 2230 839 2266 de
853 2240 895 2273 qua

70 2310 85 2335 s.
97 2284 322 2344 Scripturaloquitur,
335 2301 410 2338 saltem
422 2304 453 2337 est
464 2301 565 2344 mediata,
578 2301 687 2339 mediante
701 2301 738 2339 sel.
751 2302 903 2339 illustratione·

70 2371 201 2417 intellectus;
216 2373 254 2409 sed
267 2383 316 2410 curn
330 2372 410 2409 dicitur
423 2373 480 2409 Deus
494 2373 580 2416 operari
595 2374 666 2416 ipsum
680 2374 741 2417 velle,
756 2374 820 2411 facile
834 2374 895 2411 intel-

70 2442 108 2485 ligi
120 2447 191 2486 potest
204 2444 230 2481 de
241 2444 367 2488 operatione
379 2444 511 2481 immediata.
901 2445 903 2447 ’

70 2550 213 2559 —.-——.—..

118 2628 134 2650 1⁷
148 2625 200 2658 Denz
214 2626 254 2659 1thv

119 2689 137 2712 1³
150 2686 179 2720 cf.
191 2697 251 2727 supra
264 2695 307 2726 pag.
321 2687 355 2721 168
369 2697 383 2720 s.
444 2699 446 2702 ⁴

120 2751 137 2773 1⁹
150 2748 179 2781 Cf.
192 2756 235 2788 pag.
250 2748 290 2782 169.
