1952 3093
457 43 538 80 -322
551 64 580 75 -.

101 162 164 200 nobis
179 164 274 207 primum
290 163 398 208 effectum,
414 167 504 201 vocatur
519 166 662 207 praeveniens
678 168 778 208 respectu
794 166 885 203 secundi
901 167 930 203 ci-

102 235 180 280 iectus;
202 239 222 272 et
239 239 304 280 prout
324 240 398 273 causat
417 237 440 273 in
461 237 524 273 nobis
543 236 669 280 secundum,
689 240 779 274 vocatur
797 237 930 281 subsequens

102 311 202 351 respectu
219 308 286 352 primi
302 308 399 346 effectus.
416 309 442 345 Et
461 309 516 345 sicut
533 320 588 346 unus
607 308 696 345 effectus
714 313 746 347 est
762 309 871 353 posterior
886 299 929 346 uno

102 379 181 417 effectu
199 384 219 417 et
236 381 297 424 prior
314 380 364 425 alio,
381 382 411 418 ita
428 382 497 425 gratia
514 384 585 425 potest
601 380 645 417 dici
661 381 805 424 praeveniens
823 384 843 418 et
859 381 931 419 subse·

100 462 168 496 quens
181 453 300 489 secundum
314 453 405 489 eundem
419 453 519 490 effectum
533 455 633 496 respectu
647 452 789 490 diversorum.
803 452 828 489 Et
841 453 883 490 hoc
897 457 928 490 est

101 526 160 569 quod
177 526 263 569 August.
281 526 334 562 dicit
350 526 372 562 in
390 526 427 564 lib.
445 526 471 563 de
489 529 565 563 natura
582 530 602 563 et
618 527 698 569 gratia:
718 526 839 570 Praevenit,
857 529 880 563 ut
898 538 929 563 sa-

102 609 187 644 nemur;
206 599 350 644 subsequitur,
367 602 390 637 ut
406 600 475 637 sanati
492 602 623 643 vegetemur;
641 600 760 643 praevenit,
777 602 800 636 ut
817 610 928 643 vocemur;

103 672 241 717 subsequitur
256 674 280 709 ut
294 672 492 716 glorificemursw.

158 746 230 783 Facile
248 750 269 784 et
283 748 334 790 apte
352 757 428 783 omnes
444 748 487 783 tres
504 746 624 783 divisiones
642 747 717 782 reduci
734 749 826 789 possunt
843 738 873 783 ad¹
888 748 929 790 pri·

104 829 168 861 mam,
184 819 214 856 ita
230 822 253 856 ut
267 818 343 856 eadem
359 819 492 862 intelligatur
507 829 533 855 ex
549 829 592 855 una
608 821 669 861 parte
685 819 754 861 gratia
771 818 869 855 excitans
888 819 931 860 (vo-

105 890 172 935 cans),
192 901 292 935 operans,
311 891 462 935 praeveniens,
480 893 501 928 et
518 902 544 928 ex
564 891 631 928 altera
650 893 711 933 parte
731 890 799 934 gratia
819 890 931 934 adiuvans,

103 971 230 1007 cooperans,
246 962 387 1008 subsequens.

155 1096 283 1140 Disputatur
300 1096 358 1133 inter
374 1096 491 1138 theologos,
508 1098 580 1132 utrum
597 1095 666 1139 gratia
681 1096 781 1134 excitans
798 1096 826 1131 sit
843 1096 930 1133 realiter

105 1168 208 1205 distincta
224 1180 236 1205 a
251 1167 320 1211 gratia
336 1167 458 1204 adiuvante.
475 1167 595 1210 Responsio
611 1177 689 1210 magna
703 1178 729 1204 ex
744 1169 805 1210 parte
823 1167 930 1210 dependet

105 1250 116 1275 a
129 1240 236 1276 sententia
248 1250 312 1284 quam
324 1240 372 1283 quis
386 1239 484 1276 defendit
497 1239 523 1275 de
537 1242 614 1276 natura
625 1239 708 1282 gratiae
719 1239 816 1276 actualis.
830 1239 870 1282 Qui
884 1250 929 1276 eam

104 1311 186 1349 habent
199 1323 239 1356 pro
254 1314 304 1349 ente
316 1311 395 1348 fluente
411 1313 490 1354 creato,
506 1311 551 1348 sive
567 1322 616 1348 cum
632 1311 680 1348 sive
693 1311 739 1349 sine
753 1311 838 1348 actibus
854 1311 930 1349 indeli-

105 1383 193 1428 heretis,
213 1385 339 1428 plerumque
360 1384 439 1421 realem
461 1383 623 1421 distinctionem
644 1383 757 1427 affirmant,
778 1387 884 1427 quatenus
904 1385 931 1420 ad

106 1458 177 1493 actum
189 1456 332 1508 deliberatum
343 1456 468 1499 ponendum
481 1466 560 1493 novum
574 1467 611 1493 ens
624 1447 719 1492 creatum
730 1456 799 1493 fluens
812 1456 900 1499 exigunt
907 1460 931 1492 ⁷⁴.

105 1528 146 1572 Qui
162 1540 211 1566 cum
225 1528 306 1566 Molina
322 1528 442 1565 defendunt
456 1528 597 1565 elevationem
614 1531 724 1565 externam
741 1533 762 1566 et
777 1528 840 1565 simul
857 1532 931 1565 tenent

105 1603 177 1638 actum
193 1601 361 1638 indeliberatum
380 1612 425 1638 esse
443 1600 577 1644 principium
596 1600 711 1644 physicum
731 1604 791 1637 actus
811 1601 930 1644 deliberati,

105 1676 184 1717 negant
200 1684 249 1715 ,esse
267 1673 347 1716 gratias
366 1673 453 1709 realiter
473 1672 575 1711 diversas.
594 1673 634 1717 Qui
654 1684 702 1709 cum
722 1672 799 1710 Suarez
820 1676 930 1710 externam

106 1745 248 1782 elevationem
263 1745 389 1790 defendunt,
403 1745 440 1782 sed
454 1748 533 1788 negant
547 1748 617 1782 actum
631 1745 799 1782 indeliberatum
814 1756 859 1782 esse
873 1745 931 1788 prin-

106 1817 188 1861 cipium
205 1817 322 1861 physicum
340 1820 400 1854 actus
420 1816 539 1860 deliberati,
558 1817 668 1860 postulant
686 1828 726 1860 pro
746 1820 794 1854 actu
813 1818 931 1855 deliberato

106 1890 209 1932 ponendo
227 1891 316 1927 alteram
333 1889 475 1926 elevationem
494 1889 603 1926 facultatis
622 1892 732 1926 externam
752 1893 771 1927 et
788 1889 881 1932 proinde
901 1891 932 1926 di-

107 1973 156 1998 cere
174 1966 265 2005 possunt
282 1962 374 2004 gratiam
393 1961 531 1998 adiuvantem
549 1961 631 2005 aliquid
650 1961 730 1998 addere
750 1962 777 1998 ad
795 1961 932 2005 excitantem.

160 2033 333 2071 Fundamentum
349 2034 372 2070 in
388 2032 485 2070 fontibus
501 2034 565 2070 realis
580 2033 692 2070 distinctio
709 2044 752 2070 non
769 2033 843 2078 haben
860 2033 933 2077 potius

109 2106 153 2142 dici
166 2109 240 2149 posset
253 2107 324 2143 tontes
336 2106 404 2149 magis
419 2106 491 2143 favere
504 2105 613 2142 identitati
621 2108 645 2141 ⁷⁵.

155 2241 172 2263 ⁷³
187 2238 204 2270 S.
216 2239 251 2270 Th.
265 2239 281 2275 1,
294 2238 304 2270 2
318 2248 336 2277 q.
350 2239 382 2270 111
398 2249 415 2271 a.
428 2239 445 2271 3.

156 2302 173 2323 ⁷4
186 2299 228 2331 Non
244 2308 321 2336 omnes;
336 2308 351 2331 e.
366 2306 383 2337 g.
396 2299 457 2331 Billot
471 2300 552 2331 omnino
567 2299 640 2332 realem
655 2300 781 2333 identitatem
796 2300 890 2334 affirmat:
905 2301 932 2333 De

108 2360 172 2395 gratia
186 2359 266 2398 Christi,
280 2359 330 2391 thes.
346 2359 374 2391 10.

95 2414 97 2418 '
156 2423 173 2443 ⁷5
187 2419 259 2452 Beraza
274 2429 303 2451 nr.
320 2419 405 2452 rau-139.
