1952 3093
418 83 539 127 -369-

110 203 156 241 lam
170 204 285 248 probatum
300 208 346 242 est⁵
363 216 437 243 omnes
452 207 520 244 iustos
534 207 614 245 habere
630 208 727 253 gratiam,
743 220 785 254 qua
800 209 886 254 possint

58 278 149 321 implere
165 277 267 315 mandata
284 278 344 315 etin
360 278 443 316 iustitia
459 283 548 324 accepta
562 291 711 336 perseverare3
729 282 795 320 immo
812 282 886 326 iugum

58 348 146 387 Domini
161 360 225 388 suave
241 361 287 388 esse
302 353 323 388 et
336 361 390 388 onus
405 352 451 389 cius
465 352 528 389 levet
541 353 643 391 mandata
658 354 704 392 eius
719 365 763 392 non
778 365 825 392 esse
839 365 886 399 gra-

58 423 91 460 via
101 427 116 460 ⁷.
133 422 238 466 Specialis
254 423 400 474 providentia,
418 434 482 468 quam
497 424 560 463 Pater
576 426 675 464 caelestis
692 438 742 471 erga
760 427 819 465 tilios
836 438 885 466 suos

59 495 173 540 adoptivos
188 495 260 540 habet,
277 497 378 541 includit,
396 508 444 534 eum
463 497 514 535 dare
531 498 576 535 illis
594 510 618 552 ela
635 499 722 544 auxilia,
740 510 795 544 quae
813 510 886 538 neces-

59 568 116 606 saria
130 571 180 605 sunt
193 571 217 606 ut
231 569 317 613 possint
330 569 353 605 in
369 569 415 607 eius
431 570 547 608 dilectione
563 582 657 614 manere,
671 571 762 616 gratiam
777 584 827 610 vere
843 573 886 609 sut-

59 641 180 687 sicieutem;
195 642 249 679 haec
265 641 340 679 saltem
357 645 388 679 est
404 646 485 681 remote
501 643 622 688 sufficiens,
638 648 662 682 ut
677 645 763 688 possint
779 655 841 682 orare
858 646 886 682 ad

59 713 214 759 acquirendam
231 714 323 758 gratiam
341 715 440 759 proxime
458 715 605 753 sufficientem
623 717 651 754 ad
667 718 801 761 superandas
818 719 886 755 tenta-

58 787 135 831 tiones,
152 787 180 824 ad
195 786 353 831 perficiendum
369 798 430 831 opus,
446 787 473 825 ad
490 788 548 832 quod
564 788 601 826 hic
618 793 638 826 et
655 799 713 826 nunc
729 792 830 827 tenentur
845 792 886 841 etc.

58 859 162 896 Remanet
176 868 226 903 ergo
241 860 309 897 solum
325 859 442 897 dicendum
456 860 482 897 de
495 860 653 904 peccatoribus.

112 930 216 969 Peccator
229 942 268 976 per
283 942 305 969 se
320 942 363 969 non
379 934 410 969 est
423 932 462 969 sub
476 932 514 969 illa
528 932 618 976 speciali
630 933 776 977 providentia,
790 934 829 971 sub
844 945 886 978 qua

59 1004 135 1041 vivunt
149 1004 192 1041 tilii
204 1004 245 1042 Dei
260 1004 367 1049 adoptivi;
381 1005 494 1048 peccando
508 1005 581 1042 multis
595 1005 670 1049 gratiis
684 1017 706 1043 se
719 1005 823 1051 privavit;
838 1006 886 1050 ipse

58 1077 126 1114 Deum
140 1076 240 1121 deseruit,
253 1080 274 1114 ct
286 1077 365 1114 mirum
378 1087 422 1114 non
435 1080 467 1114 est
478 1078 547 1115 Deum
560 1088 644 1122 quoque
656 1078 728 1123 aliqua
740 1078 824 1116 ratione
837 1089 886 1115 eurn

21 1163 23 1166 ·
60 1149 165 1187 deserere.
180 1148 279 1190 Attamen
297 1150 361 1204 etiarn
378 1149 530 1193 peccatoribus
547 1150 604 1187 Deus
622 1150 673 1187 dare
689 1153 760 1194 potest
776 1150 886 1188 abundan-

59 1221 154 1259 tissimas
167 1221 247 1266 gratias
262 1225 283 1259 et
296 1221 405 1259 interdum
421 1222 485 1259 etiarn
501 1222 595 1267 coniert;
610 1225 642 1260 est
656 1222 714 1260 enim
728 1222 834 1259 Dominus
851 1221 886 1260 do-

60 1304 137 1331 norum
147 1304 235 1331 suorum
247 1296 267 1330 et
278 1294 301 1330 in
314 1294 344 1331 eis
357 1294 514 1331 distribuendis
526 1294 615 1331 omnino
625 1294 688 1331 liber.
699 1295 730 1332 De
740 1294 782 1331 hac
793 1305 816 1331 re
828 1304 887 1331 nune

60 1376 103 1403 non
119 1365 236 1411 quaeritur,
252 1366 290 1403 sed
305 1366 402 1410 quaestio
416 1369 454 1410 cst,
469 1369 541 1403 utrum
556 1365 627 1404 omnis
641 1369 750 1410 peccator,
764 1366 811 1403 sine
827 1366 886 1404 omni

60 1438 194 1482 exceptione,
212 1439 287 1475 saltem
304 1448 350 1475 eam
367 1438 458 1482 gratiam
474 1437 558 1483 habeat,
576 1448 619 1482 qua
635 1438 705 1481 possit
721 1448 743 1475 se
760 1422 886 1475 convertere

60 1513 80 1549 et
97 1510 165 1549 vitare
182 1513 301 1554 peccatum.
319 1509 373 1547 Sunt
389 1509 525 1554 tentationes,
542 1520 595 1554 quas
611 1512 714 1553 peccator
730 1509 776 1548 sine
793 1508 887 1554 gratuito

61 1583 141 1621 auxilio
158 1583 232 1620 divino
249 1583 339 1620 honeste
355 1593 457 1626 superare
473 1584 553 1627 potest;
569 1584 619 1619 sunt
635 1582 696 1626 aliae,
713 1582 741 1619 ad
757 1592 810 1626 quas
826 1592 887 1626 supe-

60 1655 140 1692 randas
157 1654 241 1699 indiget
259 1655 336 1698 gratia
357 1654 404 1691 sine
420 1653 489 1698 gratia
508 1663 551 1692 non
569 1656 640 1698 potest
659 1653 696 1691 diu
715 1664 802 1692 servare
818 1653 887 1698 legem

61 1727 187 1771 naturalem,
203 1737 230 1764 ne
247 1727 318 1771 quoad
335 1726 477 1764 substantiam
493 1725 591 1771 quidem3
608 1726 655 1763 sine
671 1725 739 1770 gratia
756 1735 800 1763 non
817 1728 888 1769 potest

61 1811 83 1836 sc
99 1799 216 1844 disponere
232 1799 258 1836 ad
273 1798 459 1836 iustificationem.

114 1871 139 1909 In
157 1871 271 1915 tractanda
287 1872 328 1908 hac
346 1870 472 1915 quaestione
489 1870 583 1914 theologi
602 1870 734 1914 distinguere
753 1871 823 1908 solent
839 1881 888 1914 pec-

61 1947 144 1982 catores
160 1954 284 1982 communes
299 1946 320 1981 et
333 1945 458 1987 peccatores
473 1942 596 1986 obduratos,
611 1942 738 1987 obstinatos,
753 1942 888 1979 obcaecatos.

62 2015 190 2053 Communes
207 2016 357 2059 intelliguntur
373 2015 406 2051 illi
423 2015 480 2059 «qui
495 2014 593 2058 quamvis
608 2014 688 2057 privati
705 2013 774 2057 gratia
791 2013 888 2051 sanctiti-

62 2091 130 2134 cante,
148 2089 245 2126 nondum
262 2092 333 2125 tamen
352 2086 452 2123 timorem
470 2086 510 2123 Dei
526 2086 613 2130 penitus
631 2086 800 2124 abiecerunta&
819 2085 888 2124 Obsti-

61 2161 120 2199 natio
135 2163 155 2198 et
169 2160 283 2198 obduratio
297 2163 348 2196 «est
363 2158 477 2202 dispositio
492 2158 615 2201 voluntatis,
629 2168 671 2202 qua
685 2157 777 2202 quisita
790 2157 889 2196 inhaeret

61 2233 124 2276 malo,
138 2235 162 2270 ut
174 2232 229 2270 notit
242 2232 314 2269 redire
326 2232 354 2268 ad
365 2231 464 2268 bonum»
473 2233 488 2267 ⁹.
502 2229 623 2268 obstinatio
637 2229 734 2274 perfecta
748 2232 780 2267 est
793 2230 816 2266 in
831 2230 889 2268 dam-

62 2305 125 2349 natis,
137 2305 160 2341 in
174 2304 252 2349 quibus
266 2303 380 2341 conversio
393 2302 489 2340 absolute
503 2301 590 2339 exclusa
603 2304 666 2340 estu.
680 2300 810 2345 imperfecta
824 2300 889 2338 obsti—

110 2453 118 2474 f·
131 2449 187 2482 Thes.
202 2449 224 2481 12
238 2448 274 2487 111;
289 2456 332 2487 pag.
346 2448 386 2480 243.

111 2514 120 2536 ⁸
133 2509 196 2544 Matth
211 2509 239 2549 11,
250 2508 279 2543 30.

113 2575 120 2596 ⁷
134 2571 143 2604 1
158 2570 180 2604 lo
193 2571 209 2610 b,
221 2569 238 2604 3.

84 2662 88 2665 .
112 2634 121 2656 ⁸
133 2621 228 2665 Mazzclla
240 2640 270 2663 nr.
284 2629 324 2663 813.

111 2695 121 2717 ⁹
134 2690 194 2725 Pesch
206 2700 235 2724 nr.
248 2689 289 2724 29³.

113 2756 130 2777 1⁰
143 2751 171 2785 De
184 2750 302 2785 Novissimis
317 2759 346 2783 nr.
362 2749 396 2783 1³5
411 2759 437 2783 ss.

111 2884 206 2919 uuum.
218 2902 242 2909 -
254 2884 282 2918 De
294 2884 362 2918 Gratia
375 2884 518 2923 Redemptoric.
