1952 3093
470 42 549 81 -514
564 65 591 70 —

113 162 200 201 vatione
214 165 303 199 externa
317 162 432 199 facultatis.
446 162 537 200 Videtur
551 163 609 200 enirn
624 163 646 199 in
661 165 709 200 actu
725 175 736 200 a
750 163 851 201 facultate
866 164 938 201 elicito

114 234 197 279 aliquid
212 234 308 271 inveniri
322 234 382 278 quod-
395 245 438 271 non
455 238 487 271 est
501 235 527 272 ab
543 236 591 278 ipsa
608 235 715 279 facultate,
746 239 766 273 et
782 245 826 273 non
842 238 938 280 apparet,

113 307 221 352 quomodo
234 307 276 344 hoe
289 307 393 350 possibile
407 308 435 345 sit
446 308 469 344 in
482 311 529 345 ente
542 301 715 352 aliquo‘omnino
728 308 820 352 physice
833 308 938 359 simpliei;

114 379 200 416 videtur
215 379 237 415 in
254 379 332 417 effectu
346 391 394 416 esse
410 380 539 424 compositio
556 392 581 417 ex
597 383 645 417 ente
660 380 754 417 naturali
770 380 838 425 vitali,
853 380 912 425 quod
927 392 939 416 a

114 452 215 489 facultate
231 454 268 495 est,
286 455 305 488 et
320 452 456 494 perfectione
472 452 583 489 entitative
601 452 766 495 supernaturali,
783 463 837 496 quae
853 452 939 491 videtur

114 535 126 560 a
139 524 186 561 solo
197 524 241 561 Deo
255 535 307 567 esse,
321 535 370 561 curn
383 524 475 562 facultas
489 528 560 561 creata
574 535 617 561 non
632 525 732 562 videatur
744 535 808 567 posse
822 524 940 563 efficienter

115 596 219 639 attingere
233 596 303 639 ipsam
319 596 476 639 perfectionem
492 596 683 639 supernaturalem,
700 597 750 640 quia
766 596 821 633 nihil
838 607 939 640 superna-

114 668 183 705 turale
196 668 219 704 in
232 668 280 711 ipsa
294 668 411 706 invenitur.

167 739 208 777 Sed
223 739 349 778 defensores
364 741 429 778 huius
445 741 563 778 sententiae
579 744 681 784 negarent
697 741 840 785 suppositum,
856 742 894 778 sel.
910 741 939 778 ta-

116 812 216 850 cultatem
230 815 324 849 creatam
338 823 381 850 non
395 823 441 850 esse
454 813 541 850 realiter
554 813 668 857 elevatam;
683 823 733 850 narn
748 813 867 850 secundum
880 813 939 857 ipsos

115 888 146 922 est
160 896 209 922 vere
224 888 244 921 et
258 885 345 923 realiter
359 887 448 929 elevata,
462 897 505 923 11011
520 886 608 930 quidem
621 896 660 929 per
672 886 781 923 internam
796 886 829 923 sui
843 885 940 923 mutatio·

115 967 171 1000 nem,
185 956 279 1001 proinde
292 968 337 995 non
350 958 488 1000 intrinsecus,
504 957 541 994 sed
556 961 627 994 tamen
641 960 729 995 externe
743 958 833 1003 elevata;
849 961 869 995 et
883 961 939 996 totus

116 1031 175 1066 actus
188 1029 306 1066 secundum
319 1030 378 1072 ipsos
390 1033 421 1066 est
434 1041 445 1066 a
458 1030 559 1066 facultate
573 1032 660 1067 externe
674 1030 762 1073 elevata,
776 1033 796 1066 et
810 1032 866 1067 totus
881 1033 940 1067 actus

116 1104 146 1138 est
161 1112 172 1138 a
185 1101 237 1138 Deo.

168 1178 247 1222 Negari
264 1180 338 1223 nequit
356 1190 401 1216 rem
418 1191 463 1216 esse
482 1179 602 1224 difficilem,
621 1180 659 1217 sed
675 1180 840 1217 concedendum
856 1191 940 1224 quoque

116 1254 148 1288 est
160 1251 246 1289 ostendi
258 1262 303 1288 non
314 1262 378 1294 posse
390 1252 555 1294 repugnantiam
569 1252 591 1287 in
605 1252 647 1288 hac
661 1251 777 1296 sententia;
791 1251 815 1288 id
827 1252 886 1296 quod
898 1251 940 1288 iarn

115 1323 233 1367 generatim
246 1325 269 1360 in
282 1335 305 1361 re
317 1324 476 1368 supernaturali
489 1324 577 1361 difficile
589 1327 626 1361 est.
638 1324 662 1360 ln
676 1327 725 1361 actu
736 1324 829 1361 maxime
840 1334 942 1367 superna-

116 1396 186 1439 turali,
201 1395 285 1433 visione
299 1396 337 1433 sel.
351 1396 391 1433 Dei
407 1396 538 1439 immediata,
554 1397 576 1432 in
592 1407 656 1433 causa
672 1398 743 1433 creata
757 1396 876 1440 adaequata
890 1406 942 1433 non-

117 1468 166 1505 dum
182 1471 214 1505 est
228 1468 283 1505 ratio
298 1467 406 1505 sufficiens
422 1470 481 1505 actus
496 1468 586 1506 secundi
601 1468 698 1512 visionis,
712 1471 735 1505 ut
748 1470 857 1505 ostensum
873 1471 904 1505 est
919 1468 941 1503 in

116 1543 207 1577 tractatu
220 1540 251 1577 De
264 1540 309 1577 Deo
321 1550 371 1583 uno,
385 1543 405 1577 11
418 1543 489 1577 tamen
502 1540 538 1577 ille
550 1543 609 1577 actus
623 1544 655 1577 est
666 1539 785 1584 possibilis.

170 1611 235 1649 Actus
254 1613 301 1655 ipse
320 1611 477 1649 indeliberatus
496 1612 666 1656 supernaturalis
685 1612 707 1648 iu
727 1612 768 1649 hae
787 1612 893 1649 sententia
911 1615 942 1649 est

117 1684 165 1727 ipsa
179 1684 248 1728 gratia
264 1684 360 1727 actualis,
375 1684 400 1721 id
413 1687 446 1721 est
461 1684 596 1728 principium
612 1687 671 1721 actus
688 1684 801 1722 deliberati
816 1687 942 1727 supernatu-

116 1757 174 1799 ralis,
192 1760 252 1794 actus
267 1756 374 1794 salutaris.
389 1757 414 1793 In
432 1757 561 1801 explicando
578 1760 649 1794 autem
664 1756 747 1794 influxu
762 1759 822 1794 aetus
838 1756 942 1794 indelibe-

118 1829 158 1865 rati
172 1829 195 1865 in
208 1828 314 1873 originem
327 1831 387 1866 actus
403 1828 516 1866 deliberati
531 1829 610 1873 duplex
624 1829 702 1866 iterum
717 1828 824 1866 sententia
837 1828 939 1866 hahetur:

170 1900 250 1939 Melina
261 1904 281 1938 et
292 1901 329 1945 qui
340 1912 388 1939 euni
400 1904 519 1945 sequuntur
530 1905 625 1946 censent,
637 1904 708 1938 actum
720 1900 887 1938 indeliberatum
898 1910 942 1939 non

118 1974 186 2011 solum
199 1973 316 2016 moraliter,
328 1973 443 2011 sedetiam
454 1973 545 2016 physice
557 1975 581 2009 in
593 1973 699 2017 originem
709 1976 771 2011 actus
784 1973 898 2023 deliberati
911 1973 942 2009 in-

117 2045 190 2083 fluere.
202 2044 233 2083 Eo
245 2045 310 2088 enirn,
323 2046 383 2089 quod-
395 2048 455 2082 actus
467 2045 637 2088 supernaturalis
649 2044 805 2083 indeliberatus
818 2045 841 2082 in
854 2045 942 2082 faculta-

117 2121 138 2155 te
152 2117 242 2161 exsistit,
256 2117 304 2160 ipsa
318 2117 450 2154 intrinsecus
465 2117 547 2154 elevata
561 2120 626 2154 estet
639 2128 688 2154 cum
702 2127 810 2154 concursu
824 2117 899 2155 divino
913 2117 922 2154 t
936 2138 942 2143 ·

118 2190 192 2227 cultati
209 2188 341 2226 intrinsecus
359 2190 452 2227 elevatae
469 2189 653 2232 correspondente
669 2192 740 2227 actum
757 2189 942 2233 supernaturalem

119 2261 266 2305 deliberatum,
276 2264 349 2299 actum
359 2261 482 2304 salutarem,
494 2271 575 2305 ponere
585 2265 661 2305 potest.
672 2261 808 2304 Principium
820 2271 870 2305 ergo
883 2264 942 2299 actus

118 2333 217 2371 salutaris
231 2336 262 2371 est
274 2334 373 2370 voluntas
385 2336 433 2370 actu
446 2334 606 2376 supernaturali
618 2333 762 2371 indeliberato
775 2333 863 2377 elevata,
875 2333 899 2371 id
911 2337 943 2370 est

118 2406 216 2442 voluntas
228 2406 297 2448 gratia
306 2405 388 2442 actuali
399 2406 487 2447 elevata,
499 2416 550 2442 narn
560 2409 619 2442 actus
629 2405 785 2443 indeliberatus
796 2408 828 2442 est
838 2405 886 2449 ipsa
897 2414 943 2449 gra-

118 2478 149 2514 tia
164 2478 261 2516 actualis.
276 2478 325 2521 Ipse
340 2487 389 2521 ergo
404 2481 464 2515 actus
478 2477 635 2515 indeliberatus
651 2477 822 2521 supernaturalis
837 2477 942 2515 voluntati

118 2549 175 2586 vires
185 2549 288 2594 physicas
300 2543 390 2592 confert,
401 2550 532 2586 voluntatem
544 2550 658 2593 confortat,
668 2552 691 2587 ut
700 2550 769 2593 possit
779 2560 861 2593 ponere
872 2552 943 2587 aetum

119 2622 240 2660 salutarem.
258 2622 299 2659 Hic
317 2622 394 2660 modus
412 2633 457 2659 rem
476 2622 616 2665 concipiendi
634 2622 697 2659 valde
716 2622 815 2666 congruit
832 2622 897 2659 modo
915 2622 944 2659 10-

118 2694 200 2739 quendi
212 2694 299 2731 Petrum
313 2697 333 2732 et
345 2693 495 2739 conciliorum,
508 2694 627 2731 secundum
638 2704 702 2738 quem
713 2693 812 2737 praecise
824 2697 943 2737 peractus,
