1952 3093
375 7 376 10 ’
426 7 548 45 -223-

73 132 175 177 explicite
188 132 329 175 distinguitur
340 132 398 169 inter
408 131 524 168 ohservare
537 133 557 168 et
569 130 656 168 vincere
670 129 800 173 salutariter,
812 132 832 166 et
844 139 902 166 mere

73 208 170 244 honeste.
179 207 278 243 Attamen
290 205 347 242 clare
358 205 421 242 etiam
433 207 524 248 apparet
536 214 621 241 sensum
632 215 685 247 esse,
697 204 743 240 sine
755 202 824 247 gratia
835 201 904 239 homi-

73 289 123 316 nem
133 278 157 315 in
166 279 208 316 ista
218 287 290 321 pugna
301 276 367 321 vinei,
377 276 401 314 id
411 279 445 313 est
455 287 504 314 eum
514 276 630 320 pervenire
639 276 667 313 ad
678 280 798 319 peccatum,
809 275 833 312 id
843 274 902 319 quod

74 350 188 395 speciatim
202 353 279 387 contra
295 349 421 393 pelagianos
436 348 573 385 statuendum
591 351 641 392 erat,
659 349 696 393 qui
713 347 849 386 affirmabant
865 347 903 384 ho-

73 423 154 460 minem
165 422 262 466 propriis
275 422 319 459 suis
332 422 416 459 viribus
428 432 492 465 posse
498 421 644 458 tentationem
657 431 769 465 superare3
782 420 824 457 hoc
838 420 902 457 etiam

75 496 132 533 clare
146 495 235 532 docetur
250 494 272 530 in
289 494 383 531 concilio
399 493 526 530 tridentino.
540 493 653 537 Aliquibus
668 493 724 530 loeis
739 504 809 529 sermo
823 496 855 529 est
872 492 902 528 di-

75 569 132 604 recte
146 566 172 603 de
184 566 266 603 renatis
279 569 299 603 et
311 565 402 610 sanatis3
414 566 432 602 si
446 574 496 609 ergo
507 565 540 601 illi
553 575 597 601 non
610 568 701 607 possunt
714 575 822 607 superare,
835 564 902 601 multo

74 638 142 681 magis
152 637 194 674 hoc
205 639 261 674 valet
273 637 298 674 de
309 637 405 674 nondum
417 637 499 673 renatis
508 640 530 673 et
539 636 627 674 sanatis.
639 636 711 679 Qualis
723 637 751 674 sit
761 637 837 679 gratia,
848 646 903 679 quae

75 708 198 746 necessaria
212 712 249 752 est,
262 719 305 746 non
319 709 409 745 ulterius
424 708 589 752 determinatum
604 708 686 750 pluries
700 711 772 745 tamen
786 719 857 744 sermo
871 710 903 744 est

76 781 102 818 de
115 781 218 825 remedio,
233 780 314 818 auxilio
329 780 463 825 quotidiano,
478 780 501 816 id
516 779 574 823 quod
589 779 625 815 vix
641 779 703 816 aliter
718 779 810 822 intelligi
825 782 902 822 potest,

75 864 139 897 quam
154 853 180 890 de
192 852 274 890 auxilio
286 852 373 890 actuali.

129 926 162 963 lta
173 927 195 962 in
208 926 242 963 liis
255 926 349 962 textibus
362 937 411 963 vere
423 926 446 962 id
459 926 589 969 continetur,
602 926 660 969 quod
671 925 738 962 thesis
752 925 852 969 affirmat;
866 924 904 961 sed

75 1009 101 1035 ex
115 998 180 1035 dietis
193 998 257 1035 etiam
270 998 405 1041 intelligitur,
417 1009 457 1034 eur
470 998 543 1041 plures
555 997 650 1041 theologi
664 1001 772 1040 censeant,
785 1007 829 1034 nou
843 999 903 1034 certo

76 1074 175 1107 constare
190 1070 217 1107 de
229 1069 331 1113 explicita
347 1069 472 1107 definitione
485 1070 551 1108 relate
565 1070 592 1106 ad
606 1069 779 1107 observationem
794 1080 852 1106 mere
866 1069 903 1106 ho

76 1145 159 1179 nestam
174 1142 325 1179 mandatorum
341 1145 362 1179 et
377 1142 403 1179 de
417 1141 573 1179 tentationibus
588 1153 646 1179 mere
661 1142 751 1178 honeste
767 1141 903 1184 superandis.

412 1358 431 1395 S.
446 1358 566 1395 Scamnum

132 1511 151 1548 S.
168 1511 279 1555 Scriptura
296 1512 352 1548 clare
369 1511 438 1555 (locet,
454 1511 545 1555 homini,
561 1512 625 1548 etiam
642 1511 763 1554 iustificate,
780 1521 867 1555 gravem
884 1515 904 1548 et

77 1583 222 1627 periculosam
235 1592 329 1627 pugnam
342 1582 476 1621 subeundam
490 1594 537 1621 esse
551 1587 626 1620 contra
640 1583 742 1621 inimicos
757 1583 831 1620 salutis
847 1594 904 1626 suae,

78 1656 100 1691 in
114 1666 157 1700 qua
170 1666 273 1699 superare
286 1665 330 1693 non
343 1658 414 1699 potest
429 1656 475 1693 sine
489 1656 569 1692 anxilio
586 1656 670 1693 divino:
689 1656 740 1693 solis
756 1666 805 1699 ergo
820 1656 904 1692 virilius

78 1727 122 1764 suis
134 1726 269 1765 naturalibus
282 1728 412 1765 succumbet.

131 1799 179 1844 Eph
194 1799 212 1845 6,
227 1801 252 1838 tu
267 1812 305 1837 ss:
323 1801 372 1838 «De
388 1804 459 1838 cetero
474 1801 551 1838 iratres
566 1801 719 1839 confortamini
735 1802 757 1837 in
772 1800 872 1843 Domino,
886 1805 906 1837 et

78 1872 100 1908 in
119 1872 216 1915 potentia
231 1872 318 1910 virtutis
335 1873 387 1909 eius.
404 1872 490 1909 induite
507 1884 545 1910 vos
563 1876 693 1911 armaturam
711 1873 757 1915 Dei,
774 1876 798 1910 nt
814 1874 905 1916 possitis

79 1948 135 1981 stare
150 1944 271 1986 (obsistere)
286 1945 388 1981 adversus
401 1944 493 1982 insidias
510 1945 604 1986 (dolosas
617 1945 798 1986 machinationes)
813 1945 904 1990 diaboli;

79 2015 181 2058 quoniam
197 2026 240 2053 non
256 2020 288 2052 est
303 2016 366 2053 nobis
382 2016 505 2053 colluctatio
519 2016 623 2053 adversus
638 2027 725 2054 carnem
742 2020 762 2054 et
778 2018 904 2061 sanguinem

82 2087 194 2126 (adversus
207 2087 315 2130 homines)
331 2088 368 2124 sed
384 2087 487 2125 adversus
501 2088 614 2131 principes
629 2091 648 2125 et
663 2091 786 2131 potestates,
801 2088 905 2126 adversus

80 2158 155 2195 mundi
170 2161 265 2195 rectores
278 2158 416 2196 tenebrarum
431 2160 515 2202 harum,
530 2163 604 2196 contra
620 2159 743 2202 spiritualia
758 2161 867 2204 nequitiae
881 2161 904 2197 in

80 2230 208 2266 caelestibus
224 2231 327 2270 (incaelo
341 2232 413 2275 aerem
428 2232 455 2268 cf.
467 2232 485 2274 2,
498 2231 525 2272 2).
538 2231 654 2274 Propterea
668 2232 761 2274 accipite
775 2235 905 2269 armaturam

79 2302 125 2345 Deiy
137 2307 160 2339 ut
171 2303 260 2345 possitis
273 2304 372 2340 resistere
386 2305 408 2339 in
421 2304 456 2340 die
469 2304 525 2341 malo
542 2303 640 2345 (difficili.
652 2304 747 2341 ohnoxio
761 2304 849 2341 insidiis
863 2304 906 2341 dia-

79 2373 139 2418 boli),
152 2375 208 2412 etin
219 2374 320 2412 omnihus
331 2375 423 2418 perlecti
439 2376 520 2417 (omnia
534 2376 654 2418 devincere,
668 2377 779 2419 superare)
793 2380 848 2414 stare
864 2376 905 2418 (iir-

80 2446 145 2483 miter
156 2446 280 2492 persistere,
295 2457 339 2484 non
355 2447 447 2489 cadere),
463 2446 519 2485 State
535 2456 585 2491 ergo
601 2448 708 2485 succincti
722 2448 807 2486 lumbos
822 2452 905 2486 vestros

80 2517 103 2553 in
116 2518 213 2561 veritate,
226 2522 247 2556 et
260 2518 331 2555 induti
344 2519 436 2557 loricam
448 2519 550 2564 iustitiae,
563 2522 584 2556 et
596 2520 686 2557 calceati
699 2521 766 2563 pedes
779 2521 801 2556 in
816 2532 905 2564 praepa-

81 2590 165 2628 ratione
179 2590 284 2633 evangelii
298 2590 369 2634 pacis;
382 2592 405 2627 in
419 2591 521 2628 omnihus
534 2595 642 2628 sumentes
657 2596 740 2629 scutum
755 2593 812 2632 fidei,
826 2594 847 2629 in
863 2604 906 2637 qno
955 2602 957 2607 ’

81 2662 169 2702 possitis
189 2663 304 2705 (poteritis)
320 2664 392 2699 omnia
408 2663 449 2700 tela
465 2663 592 2707 nequissimi
607 2665 670 2707 ignea
686 2666 820 2709 extinguere
838 2669 858 2702 et
872 2675 906 2708 ga-
