1952 3093
435 333 502 370 ilario

109 467 278 511 Augustinenses
289 467 412 504 concedunt
422 461 542 510 potentiam
555 466 659 510 adactus,
671 470 776 511 quatenus
789 478 815 503 ex
828 466 885 503 obie-

58 544 92 578 cto
108 543 129 577 et
140 539 183 577 fine
197 539 299 583 proximo
314 539 400 576 honesti
416 542 471 582 sunt,
487 539 552 582 idque
567 538 654 575 videtur
669 539 768 583 evidens;
786 548 836 574 nam
852 537 884 574 illi

58 614 123 655 actus,
143 614 217 655 utpote
237 611 352 654 naturales,
372 621 416 648 non
436 610 543 648 excedunt
563 610 666 654 physicas
687 611 744 647 vires
765 610 884 650 naturalem

58 686 169 728 praeterea
181 683 251 728 aliqui
266 695 292 720 ex
306 683 350 719 illis
363 683 417 720 adeo
433 683 508 720 faciles
522 686 578 726 sunt,
592 686 615 719 ut
629 683 726 726 potentia
741 693 826 726 quoque
841 692 885 718 mo-

57 755 109 794 ralis
125 755 154 793 ad
169 755 220 793 illos
235 755 350 799 ponendos
368 756 442 799 negari
459 758 558 799 nequeat.
576 754 650 792 «Sane
668 755 741 792 multis
758 754 885 792 hominibus

57 827 144 865 facilius
157 832 189 865 est
200 827 328 871 parentibus
342 827 439 865 debitum
452 838 547 864 amorem
562 827 670 871 exhibere,
684 838 735 864 vera
748 826 815 871 loqui,
828 826 886 863 indi-

58 900 116 944 genti
135 911 160 936 ex
178 899 330 937 misericordia
347 900 505 943 eleemosynam
525 900 576 936 dare
594 910 658 943 quam
678 900 799 936 contrarios
817 898 886 935 malos

58 975 117 1009 actus
128 975 272 1016 ponerea201.
282 971 324 1009 Sed
335 972 383 1015 ipsa
394 982 480 1016 quoque
491 971 602 1008 ordinatio
612 972 634 1007 in
645 972 745 1008 ultimum
754 971 819 1008 finem
831 981 885 1014 quae

58 1045 81 1081 in
97 1047 147 1081 actu
161 1044 253 1081 honesto
268 1044 386 1088 requiritur
403 1043 477 1081 adesse
493 1047 570 1087 potest.
587 1044 625 1080 Illa
641 1044 699 1080 enim
715 1043 825 1080 ordinatio
842 1043 885 1080 iam

59 1116 143 1159 sufficit,
156 1116 247 1160 quaein
262 1127 287 1153 eo
300 1119 337 1160 est,
351 1116 409 1160 quod
423 1115 488 1153 homo
503 1116 585 1159 agendo
600 1119 701 1159 sequatur
714 1116 822 1152 dictamen
836 1125 886 1152 con-

59 1187 162 1225 scientiae
169 1191 204 1226 ²⁰2.

111 1259 179 1297 Porro
190 1260 265 1303 negari
277 1270 320 1297 non
332 1262 409 1303 polest,
420 1260 548 1297 naturaliter
560 1259 687 1303 possibilem
701 1271 746 1296 esse
760 1260 886 1302 explicitam

59 1342 143 1376 quoque
157 1331 318 1369 ordinationem
334 1332 357 1368 in
373 1331 441 1368 Deum
457 1331 521 1369 finem
537 1332 643 1369 ultimum.
659 1332 713 1369 Nam
730 1333 775 1368 sola
792 1331 884 1368 naturali

59 1404 143 1441 ratione
156 1404 222 1441 homo
234 1404 302 1440 Deum
315 1403 380 1440 finem
394 1415 456 1440 suum
469 1404 568 1440 ultimum
582 1413 712 1446 cognoscere
726 1407 798 1447 potest
812 1404 848 1447 ita,
863 1407 886 1440 ut

59 1476 82 1512 in
95 1475 184 1513 homine
197 1476 281 1513 oriatur
294 1476 398 1518 obligatio
410 1476 478 1512 Deum
491 1475 584 1519 colendi,
597 1476 620 1511 in
635 1486 684 1513 eum
697 1475 811 1520 tendendi3
827 1476 886 1512 nulla

60 1550 130 1585 autem
144 1551 234 1592 apparet
247 1548 303 1585 ratio
317 1547 412 1592 negandi
425 1548 552 1592 potentiam,
567 1550 725 1604 consequenter
735 1548 764 1585 ad
779 1548 836 1585 hanc
852 1559 886 1585 co—

59 1619 178 1663 gnitionem
195 1624 266 1658 actum
281 1620 303 1657 in
320 1631 342 1658 se
358 1620 473 1657 honestum
488 1620 607 1658 ordinandi
623 1621 645 1656 in
662 1620 720 1658 hunc
736 1620 801 1657 finem
817 1620 847 1657 ita
863 1623 886 1657 ut

60 1691 177 1729 dicendum
191 1693 219 1729 sit
231 1703 305 1730 omnes
318 1692 418 1729 homines
433 1692 545 1729 moraliter
559 1693 613 1730 adeo
628 1703 674 1730 esse
690 1695 810 1737 corruptos,
826 1693 885 1729 utin

61 1767 110 1802 actu
122 1776 162 1809 per
174 1776 198 1803 se
208 1765 300 1803 honesto
313 1765 437 1802 necessario
450 1769 546 1802 avertere
560 1777 581 1801 se
595 1765 688 1809 debeant
701 1777 712 1802 a
725 1765 771 1802 Deo
782 1764 828 1802 line
840 1765 889 1801 ulti-

62 1846 103 1880 mo,
120 1847 210 1880 eumque
226 1839 297 1873 actum
313 1837 415 1879 superbia
431 1837 465 1874 vel
480 1837 536 1874 malo
554 1848 626 1874 amore
643 1837 676 1873 sui
693 1837 726 1874 vel
744 1837 786 1874 alia
803 1837 887 1874 ratione

62 1907 146 1944 vitiare.
158 1908 231 1951 Imago
245 1908 302 1945 enim
315 1908 355 1944 Dei
370 1919 413 1944 non
428 1908 492 1951 plane
508 1909 585 1945 detrita
601 1909 669 1945 estin
684 1909 779 1946 homine.

399 2136 551 2173 Obiectiones

109 2256 127 2292 l)
139 2255 254 2288 afferuntur
263 2258 330 2288 textus
341 2266 366 2288 ss.
378 2256 465 2294 Patrum,
476 2256 562 2288 maxime
573 2265 586 2288 s⁴
599 2255 704 2294 Augustini
716 2259 735 2289 et
745 2256 888 2295 discipulorum

63 2315 111 2353 eius,
124 2316 197 2355 quihus
209 2315 282 2348 dicitur
295 2315 400 2348 arbitrium
414 2316 478 2348 solum
493 2316 518 2349 ad
530 2316 649 2355 peccandum
662 2316 734 2349 valere.
747 2317 767 2349 E.
782 2325 808 2356 gr.
822 2327 837 2349 s.
850 2317 888 2349 Au-

62 2376 163 2411 gustinus:
178 2376 262 2416 «Neque
272 2375 358 2408 liberum
370 2376 475 2409 arbitrium
486 2376 596 2415 quidquam
606 2376 646 2409 nisi
660 2376 684 2409 ad
697 2376 817 2415 peccandum
829 2377 888 2416 valet,

63 2435 80 2466 si
95 2435 157 2468 lateat
172 2436 262 2469 veritatis
277 2436 319 2475 via;
336 2439 355 2469 et
370 2445 414 2468 cum
428 2436 449 2468 id
464 2436 517 2475 quod
532 2436 629 2474 agendum
644 2439 664 2469 et
678 2447 717 2476 quo
732 2437 837 2470 nitendum
853 2439 888 2477 est„

63 2496 148 2534 coeperit
159 2505 200 2529 non
213 2496 280 2536 latere,
291 2497 331 2528 nisi
344 2496 405 2529 etiam
418 2496 500 2529 delectet
513 2499 533 2529 et
545 2499 628 2535 ametur,
639 2506 679 2529 non
692 2497 763 2536 agitur,
774 2507 814 2530 non
827 2498 889 2531 susci-

62 2555 122 2594 pitur,
136 2565 177 2589 non
192 2556 241 2589 bene
256 2556 335 2588 vivitur.
352 2556 377 2588 Ut
394 2558 459 2589 autem
476 2556 576 2594 diligatur,
592 2557 664 2589 caritas
679 2557 714 2590 Dei
731 2558 851 2591 diffunditur
867 2558 887 2590 in

111 2692 138 2714 201
152 2689 212 2722 Pesch
223 2699 255 2721 nr.
270 2689 309 2721 125.

111 2753 138 2774 202
152 2749 180 2782 Cf,
199 2757 242 2788 pag.
260 2750 292 2782 20]
312 2750 330 2782 d.
