1952 3093
471 98 592 135 -216-

123 246 124 249 =
173 221 243 258 Homo
257 224 328 257 autem
342 221 432 257 durante
446 222 483 257 illa
498 230 569 263 pugna
585 220 720 263 defatigatur,
733 220 855 257 intellectus
870 220 944 259 obseu-

120 296 185 335 ratur,
198 293 297 328 voluntas
310 292 441 334 debilitatur,
454 295 475 329 ct
486 303 520 328 res
532 303 557 328 eo
569 276 675 335 pervenit,
687 295 710 328 ut
720 292 785 328 homo
797 302 840 328 non
852 292 944 334 amplius

119 366 178 399 tanta
194 364 304 400 voluntate
321 364 413 407 resistat,
429 366 509 407 quauta
524 373 564 406 per
580 374 602 399 se
619 365 701 407 posset,
719 363 818 400 voluntas
835 364 944 402 contraria

120 436 234 474 tentationi
244 440 287 473 tam
299 435 376 473 debilis
385 436 414 479 fit,
424 440 454 480 ut,
464 447 518 480 quae
528 436 551 471 in
563 436 611 472 aliis
621 435 791 472 circumstantiis
800 435 892 472 fortasse
903 437 945 473 suf-

119 508 199 553 ficeret,
215 520 258 545 non
275 509 318 545 iam
333 509 426 546 sufficiat
441 510 464 545 in
480 512 523 545 tam
540 508 663 545 vehementi
678 511 699 545 et
716 509 817 545 diuturna
830 508 945 552 ›impugna-

120 581 186 617 tione.
203 581 237 618 Sic
253 581 328 618 ultimo
345 581 474 623 impotentia
489 580 593 617 vincendi
609 580 750 617 tentationem
767 580 818 616 inde
833 583 872 623 est,
887 582 946 624 quod

120 652 186 688 homo
199 652 224 688 de
239 652 295 687 iacto
309 663 352 689 non
367 654 411 688 iam
424 652 453 689 ita
467 652 518 688 velit
530 655 553 687 ut
567 652 642 695 possit.
658 651 818 695 consequenter
832 652 859 688 ad
873 652 945 688 huius·

121 723 180 759 modi
200 723 308 759 infirmam
328 724 460 760 voluntatem
481 723 541 759 adest
560 723 658 760 absoluta
677 723 813 766 impotentia.
832 722 889 766 Ergo
907 723 945 759 im-

121 797 218 839 potentia
233 799 256 832 ut
271 795 369 834 absoluta
384 806 427 833 non
444 799 475 833 est
488 806 546 832 mere
562 795 698 838 antecedens,
715 796 753 833 sed
768 806 903 840 consequens
917 796 946 833 ad

120 869 177 904 hanc
196 868 304 905 infirmam
319 869 411 905 liberam
429 869 567 906 voluntatem.
584 868 616 905 Ita
635 868 655 905 S.
665 868 813 912 Augustinus:
835 868 946 905 «Tantum

121 940 202 983 quippe
215 940 298 983 Spiritu
310 941 388 977 Sancto
401 940 528 977 accenditur
541 941 640 976 voluntas
655 951 728 976 eorum
746 941 792 980 (scl.
807 939 946 982 sanctorum),

121 1014 144 1046 ut
155 1011 204 1048 ideo
216 1012 307 1054 possint,
318 1012 368 1055 quia
381 1012 412 1048 sic
423 1012 507 1055 volunt;
518 1011 568 1047 ideo
580 1012 611 1048 sic
623 1011 696 1054 velint,
708 1012 758 1055 quia
770 1011 826 1047 Deus
839 1014 946 1054 operatur,

122 1085 145 1118 ut
156 1082 230 1119 velint.
242 1082 296 1119 Nam
309 1083 327 1120 si
339 1083 362 1119 in
374 1085 433 1119 tanta
445 1082 569 1119 infirmitate
580 1083 637 1119 vitae
649 1082 720 1126 huius,
736 1082 767 1123 (in
779 1093 821 1126 qua
833 1086 904 1119 tamen
916 1082 947 1118 in-

121 1155 222 1192 firmitate
237 1158 326 1199 propter
343 1155 457 1192 elationem
474 1155 635 1199 reprimendam
652 1154 728 1199 perfici
744 1156 846 1192 virtutem
863 1158 947 1199 oporte-

122 1227 173 1270 bat),
187 1228 241 1271 ipsis
254 1227 411 1272 relinqueretur
425 1229 524 1265 voluntas
539 1238 583 1271 sua,
596 1231 619 1265 111
632 1228 655 1263 in
669 1227 778 1265 adiutorio
790 1227 830 1264 Dei
844 1227 892 1265 sine
905 1238 947 1271 quo

122 1309 261 1341 perseverare
274 1310 318 1336 non
331 1302 426 1342 possent,
440 1303 552 1336 manerent
564 1300 582 1336 si
595 1300 681 1342 vellent,
694 1310 734 1336 nec
748 1300 805 1335 Deus
817 1299 839 1335 in
854 1299 885 1335 eis
898 1310 947 1342 ope-

123 1373 207 1406 raretur
218 1374 241 1406 ut
254 1371 339 1415 vellent,
353 1372 410 1407 inter
421 1374 453 1407 tot
465 1374 486 1407 et
498 1373 568 1407 tantas
581 1371 711 1407 tentationes
724 1370 849 1407 infirmitate
863 1381 901 1407 sua
913 1381 948 1406 vo-

122 1443 193 1479 luntas
206 1443 254 1486 ipsa
267 1442 423 1485 succumberet,
436 1446 456 1480 et
468 1442 518 1480 ideo
531 1453 671 1486 perseverare
684 1452 727 1480 non
740 1444 834 1487 possent,
848 1442 900 1487 quia
913 1442 947 1478 de-

123 1515 219 1552 ficientes
234 1515 358 1552 infirmitate
372 1526 413 1552 nec
427 1516 513 1559 vellent,
529 1519 563 1553 aut
577 1526 621 1553 non
636 1516 666 1552 ita
680 1516 760 1552 vellent
774 1514 899 1552 infirmitate
912 1526 948 1552 vo-

123 1588 218 1631 luntatis,
232 1592 255 1624 111
268 1590 362 1630 possent.
376 1587 507 1624 Subventum
521 1590 552 1624 est
565 1587 631 1631 igitur
644 1587 765 1624 infirmitati
779 1588 898 1624 voluntatis·
910 1587 948 1623 hu-

123 1669 205 1701 manae,
217 1663 239 1695 ut
253 1659 327 1696 divina
339 1659 407 1702 gratia
420 1658 605 1696 indeclinabiliter
617 1662 636 1695 et
649 1658 827 1702 insuperabiliter
840 1661 946 1702 ageretur3

123 1734 143 1765 31
154 1730 203 1766 ideo
215 1730 313 1773 quamvis
325 1729 417 1772 infirma,
429 1733 556 1766 nontamen
570 1730 675 1772 deficeret,
689 1740 758 1773 neque
769 1730 899 1766 adversitate
912 1729 948 1765 ali-

124 1813 164 1846 qua
181 1802 305 1839 vinceretur
313 1815 323 1839 »
331 1806 366 1839 ²²4.

177 1881 207 1917 Ab
219 1881 260 1917 hac
271 1881 403 1924 quaestione,
415 1881 438 1916 in
450 1892 492 1925 quo
505 1881 541 1917 scl.
553 1881 657 1917 consistat
668 1881 799 1928 impotentia
808 1883 828 1917 et
840 1880 948 1925 quomodo

123 1953 252 1994 explicanda
264 1953 298 1995 sit,
307 1953 398 1990 omnino
411 1953 563 1996 distinguenda
573 1956 606 1990 est
617 1953 659 1989 alia
669 1953 773 1996 quaestio,
785 1952 843 1990 unde
855 1953 948 1989 sciamus

123 2034 197 2060 omnes
208 2024 309 2060 homines
319 2025 342 2060 in
353 2024 462 2066 praesenti
474 2024 550 2060 ordiuc
562 2027 605 2061 tam
616 2025 746 2066 impotentes
758 2035 810 2066 esse,
821 2027 845 2060 ut
856 2024 902 2061 sine
914 2034 948 2059 au-

123 2095 176 2131 xilio
188 2095 268 2138 gratiae
280 2098 403 2137 peccarent.
415 2094 476 2131 Hanc
488 2095 633 2138 cognitionem
645 2095 757 2131 haurimus
769 2106 793 2131 ex
807 2095 947 2138 revelatione3

123 2168 180 2204 Deus
195 2168 251 2206 enim
267 2167 313 2212 scit,
328 2168 380 2212 quid
394 2168 494 2205 homines
507 2168 585 2204 facturi
599 2171 670 2205 3113111
684 2168 803 2205 subitariis
818 2167 949 2205 conditioni-

123 2241 169 2277 bus.
182 2241 238 2277 Hinc
250 2241 304 2277 bene
316 2241 396 2277 Pesch:
407 2244 434 2264 ²²5
447 2241 509 2278 «Nos
522 2240 609 2284 quidem
621 2251 664 2277 non
678 2241 775 2277 omnium
787 2240 900 2276 hominurn
913 2248 948 2276 voss

123 2314 215 2349 luntates
226 2316 268 2348 tam
281 2313 376 2354 perfecte
388 2313 545 2354 cognoscimus,
557 2317 580 2349 ut
592 2324 603 2349 a
616 2313 685 2355 priori
697 2313 805 2355 possimus
818 2312 890 2349 dicere
902 2312 948 2348 11111-

123 2385 167 2419 lum
179 2384 289 2420 hominem
302 2385 352 2421 satis
365 2384 425 2427 velle,
437 2387 460 2420 ut
472 2384 547 2426 possit,
558 2385 596 2420 sed
608 2384 649 2420 hoc
663 2383 766 2420 discimus
779 2395 804 2419 ex
817 2384 948 2420 revelatione

125 2455 205 2491 divina.
222 2455 294 2498 Neque
312 2458 382 2491 tamen
402 2455 518 2492 dicendum
536 2458 567 2491 est
584 2456 640 2491 hano
660 2454 779 2492 absolutam
797 2454 948 2498 impotentiam

124 2539 169 2564 esse
184 2529 251 2565 solum
267 2531 433 2572 consequentem
448 2528 478 2564 ad
488 2528 647 2571 praevisionem
661 2527 707 2572 Dei,
719 2531 742 2564 ut
754 2531 812 2564 recte
826 2531 885 2565 notat
899 2526 949 2564 Sua·-

171 2698 198 2720 224
211 2697 238 2727 De
249 2697 371 2733 correptione
383 2699 401 2727 et
414 2697 483 2733 gratia,
495 2705 535 2733 cap.
548 2696 576 2734 32,
589 2706 617 2727 nr.
630 2696 661 2733 383
675 2696 708 2727 blL
720 2696 748 2733 44,
761 2695 822 2727 9391.

173 2760 198 2780 22⁵
213 2756 270 2793 3111.
511 2770 514 2773 «
541 2756 543 2759 ·
628 2753 630 2755 ·
