1952 3093
468 62 496 70 --
510 40 590 80 :tat-

110 173 153 201 non
171 163 200 206 ad
215 162 388 207 permanendum
405 162 428 209 in
444 161 537 206 iustitia;
555 172 606 199 usus
624 162 688 200 huius
707 161 784 199 auxilii
801 162 938 211 dependebat

111 246 122 271 a
136 234 205 271 libera
218 234 277 271 Adae
292 235 402 271 voluntate
416 237 431 270 ὃ.
446 233 502 276 Ergo
516 234 623 280 auxilium
637 234 684 270 sine
699 245 741 277 quo
756 244 800 271 non
814 234 873 282 Adae
888 237 937 271 ante

110 309 223 349 peccatum
237 307 341 344 collatum>
353 309 399 343 erat
412 306 481 349 gratia
493 317 543 343 vere
557 305 672 350 sufficiens,
686 316 741 349 quae
755 306 864 343 voluntate
879 306 937 342 Adae

111 390 154 416 non
170 379 246 416 habuit
261 379 396 416 effectumet
412 379 443 415 sic
458 382 503 416 erat
518 389 576 415 mere
592 378 707 415 sufficiens.

164 452 215 489 Post
229 454 342 494 peccatum
358 454 429 489 autem
443 451 536 488 liberum
552 450 667 488 arbitrium
682 454 713 487 est
729 451 871 495 captivatum;
886 451 937 488 lihe-

112 524 156 560 rari
173 524 241 567 debet,
256 524 378 567 etquidem
392 535 432 567 per
446 524 539 570 gratiam
552 522 692 560 voluntatis⁹.
708 523 751 560 Sed
765 523 808 559 alia
822 526 855 560 est
869 523 938 566 gratia

112 606 151 638 pro
166 596 275 632 voluntate
291 606 349 639 sana,
364 595 406 632 alia
420 596 584 639 provoluntate
600 597 692 638 aegrota.
707 594 818 631 Auxilium
832 594 938 632 voluntati

112 674 176 703 sanae
193 677 320 703 concessum
336 667 377 703 tale
394 670 445 710 erat,
462 667 523 703 cuius
538 677 590 703 usus
606 666 715 709 pendebat
729 677 743 702 a
757 666 827 703 libera
842 666 938 703 hominis

112 739 222 776 voluntate
240 739 381 780 (adiutorium
395 739 441 776 sine
456 750 498 783 quo
513 739 575 784 non‹);
590 749 648 775 nunc
662 741 733 776 autem
747 738 853 776 voluntati
867 748 939 782 aegro-

112 815 145 849 tae
160 812 222 849 datur
235 811 347 856 auxilium,
359 812 418 856 quod
431 823 474 849 non
487 811 584 849 subiacet
596 811 666 849 libero
679 800 775 849 hominis
787 811 887 855 arbitrio,
901 811 938 849 sed

114 884 172 927 lacit,
185 887 209 920 ut
222 884 337 921 arbitrium
351 885 409 928 velit,
424 885 460 921 dat
473 885 537 921 simul
551 887 571 920 et
585 895 649 927 posse
662 887 683 921 et
696 884 783 927 operari
799 884 939 926 (adiutorium

113 955 174 1000 quo);
192 956 241 992 aliis
258 956 342 993 verbis:
363 959 413 999 post
428 958 542 999 peccatum
560 966 603 992 non
622 956 665 992 iam
684 955 747 992 datur
764 955 833 998 gratia
851 966 902 992 rere
919 958 940 992 et

113 1038 171 1073 mere
180 1027 301 1078 sufficiens,
315 1028 356 1064 sed
368 1028 472 1064 auxilium
487 1027 545 1071 quod
559 1028 623 1063 datur
637 1030 669 1063 est
682 1027 763 1069 efficax,
780 1030 800 1063 et
814 1027 833 1064 si
848 1037 892 1063 non
908 1030 939 1063 est

114 1098 188 1135 efficax
203 1109 247 1136 non
262 1102 294 1135 est
308 1110 358 1136 vere
372 1098 486 1136 sufficiens.

165 1171 210 1208 Hoc
222 1171 328 1208 auxilium
339 1171 396 1208 nihil
405 1172 464 1209 aliud
476 1176 507 1210 est
518 1182 582 1216 quam
593 1171 662 1215 gratia
674 1171 755 1218 efficax,
766 1171 866 1209 caelestis
876 1182 939 1216 quae-

114 1245 163 1280 dam
173 1248 196 1282 et
208 1243 327 1281 ineffabilis
341 1245 441 1287 suavitas,
455 1245 568 1282 delectatio
582 1244 735 1288 spiritualis10,
747 1244 809 1281 cuius
822 1244 939 1281 necessitas

115 1326 158 1353 non
175 1316 244 1352 oritur
260 1328 287 1352 ex
303 1317 352 1359 ipsa
369 1320 446 1352 natura
461 1316 584 1359 voluntatis,
603 1316 641 1353 sed
658 1328 684 1353 ex
701 1319 798 1360 peceato,
816 1327 858 1360 quo
873 1316 939 1353 homo

115 1387 243 1424 constitutus
263 1391 296 1424 est
314 1388 353 1424 sub
373 1389 465 1430 imperio
485 1388 585 1424 libidinis
604 1388 666 1432 eique
686 1388 794 1424 consentit
814 1391 834 1424 et
853 1390 939 1431 peceat3

114 1459 167 1494 haec
185 1458 255 1495 libido
276 1459 399 1501 superanda
418 1462 449 1496 est
469 1459 559 1496 victrice
581 1459 723 1495 delectatione
743 1458 837 1496 caelesti.
856 1458 939 1495 Victrix

115 1533 185 1567 autem
200 1530 314 1567 delectatio
330 1542 374 1568 non
389 1535 494 1575 repugnat
508 1531 613 1575 libertati;
628 1541 677 1568 nam
692 1531 785 1568 liberum
800 1534 831 1569 est
845 1530 905 1575 quod
917 1530 940 1567 fit

116 1614 164 1640 cum
181 1603 286 1647 volumus,
304 1604 362 1647 quod
379 1606 449 1641 autem
466 1615 514 1641 cum
533 1604 675 1641 delectatione
693 1603 792 1648 iacimus,
809 1604 856 1641 sine
875 1603 940 1641 dubio

115 1676 220 1712 volumus.
234 1676 262 1712 ld
276 1679 347 1713 autem
364 1677 422 1720 quod
439 1687 488 1712 cum
504 1676 643 1719 displicentia
660 1676 758 1719 iacimus,
774 1686 818 1713 non
835 1676 940 1718 volumus,

116 1750 135 1784 et
150 1750 265 1790 propterea
281 1748 365 1784 coactio
381 1748 476 1784 libertati
491 1751 596 1791 repugnat
603 1751 628 1783 11¹.

169 1818 241 1855 Gratia
255 1819 376 1861 praesentis
389 1819 480 1862 ordinis,
495 1830 543 1855 cum
557 1819 584 1855 sit
596 1819 704 1866 auxilium
714 1830 763 1862 quo,
777 1829 894 1863 numquam
908 1830 944 1864 ca-⁴

116 1892 147 1926 ret
162 1901 200 1927 suo
214 1889 302 1933 effeetu;
318 1890 406 1934 quando
421 1893 452 1926 est
467 1890 544 1945 minor,
560 1901 623 1934 quam
638 1890 738 1933 opposita
753 1889 833 1933 cupido
849 1892 941 1932 terrena,

116 1973 159 1999 non
178 1962 266 2006 quidem
284 1973 330 1999 eam
350 1963 424 2006 vincit,
442 1962 480 2000 sed
498 1966 569 2000 tamen
588 1963 611 1999 in
628 1963 716 2003 homine
734 1962 837 2007 producit
855 1966 941 2000 tenuem

116 2036 254 2077 voluntatem,
269 2039 289 2072 et
302 2036 332 2072 sic
348 2036 412 2072 habet
426 2038 494 2072 totum
509 2035 616 2079 effectum
632 2036 659 2073 ad
673 2046 737 2080 quem
750 2036 773 2072 in
786 2024 824 2072 tali
839 2046 890 2073 casu
906 2035 941 2072 da-

116 2110 159 2151 tur3
172 2108 190 2142 si
204 2110 274 2144 autem
286 2111 317 2144 est
329 2108 399 2145 maior
412 2118 476 2151 quam
490 2108 604 2150 cupiditas,
618 2108 715 2151 sequitur
727 2111 787 2145 actus
800 2108 876 2144 bonus.

169 2238 193 2273 In
208 2238 249 2274 hac
263 2242 323 2281 parte
338 2238 409 2281 primo
425 2249 449 2275 ea
464 2241 586 2282 statuemus,
599 2239 622 2274 in
635 2239 713 2282 quibus
728 2239 822 2281 theologi
838 2238 940 2275 catholici

116 2309 254 2352 conveniunt,
270 2321 315 2346 esse
330 2309 414 2346 scilicet
428 2310 450 2345 in
464 2310 573 2352 praesenti
588 2310 665 2347 ordine
678 2310 769 2353 gratiam
784 2321 834 2347 vere
848 2312 869 2346 et
882 2320 941 2347 mere

164 2460 231 2500 8Pag.
246 2461 273 2494 62.

165 2525 173 2546 ⁹
187 2522 231 2561 Pag.
247 2521 275 2555 66.

167 2586 182 2606 ¹⁰
196 2582 240 2620 rag.
258 2583 278 2614 69
295 2592 309 2614 s.
846 2622 847 2625 Ἴ

167 2645 182 2665 1=1
195 2642 297 2680 Quomodo
308 2643 355 2674 haec
365 2643 469 2675 delectatio
479 2643 549 2674 victrix
561 2643 639 2675 differat
649 2654 661 2675 a
670 2643 883 2682 praedeterminatione
893 2643 942 2683 phy-

119 2703 159 2735 sica
172 2705 191 2734 et
205 2702 303 2741 quomodo
317 2703 424 2735 secundum
438 2702 552 2735 Ianseninm
566 2712 609 2735 cum
624 2713 646 2736 ea
659 2703 769 2741 conveniat,
781 2703 826 2736 vide
837 2711 880 2742 pag.
895 2703 916 2736 70
930 2714 945 2736 s.
