1952 3093
447 15 542 52 „g-

86 146 132 172 ram
148 139 168 172 et
183 135 275 172 liberum
292 135 412 180 arbitrium,
427 138 460 173 νε]
476 137 544 180 legem
560 138 599 174 Dei
616 140 678 181 atque
696 138 827 183 doctrinam3
844 138 912 183 gratia

87 211 156 245 autem
173 218 226 251 quae
243 219 286 245 non
304 212 336 245 est
352 212 428 246 natura
446 213 519 247 nostra
536 211 568 246 νε]
584 210 677 247 liberum
693 209 807 248 arbitrium
824 222 868 248 non
886 213 913 249 ad

87 281 216 324 simpliciter
230 292 293 324 posse
309 281 347 319 sed
364 282 392 319 ad
408 281 495 319 facilius
510 293 573 326 posse
590 283 712 320 necessaria
730 285 767 321 est.
784 283 860 321 Utrum
879 285 913 322 de-

87 364 150 390 cursu
171 353 275 397 temporis
294 353 384 397 gratiam
405 355 513 392 internam
534 355 835 394 illustrationis‘admiserint
855 357 913 394 Pela-

59 468 61 470 ,
86 426 145 469 giani
159 426 290 471 disputatum
303 427 394 470 gratiam
406 432 477 465 tamen
491 428 608 465 voluntatis
622 438 708 472 semper
721 429 834 472 negabant.

141 498 166 536 S.
187 498 378 542 Augustinus
401 501 426 537 de
441 500 538 543 Pelagio:
557 499 671 538 «Gratiam
685 501 725 538 Dei
740 505 760 539 et
774 502 913 545 adiutorium,

87 583 129 615 quo
145 571 274 609 adiuvamur
288 572 315 609 ad
330 582 373 610 non
389 573 531 616 peccandum,
548 576 583 610 aut
599 574 622 610 in
639 576 715 611 natura
730 577 750 612 et
766 574 835 612 libero
851 575 914 618 ponit

88 643 184 687 arbitrio,
198 648 234 682 aut
246 645 269 681 in
281 645 327 688 lege
341 648 403 690 atque
415 645 525 683 doctrina:
540 649 562 683 ut
575 645 683 690 videlicet,
697 657 745 684 curn
757 645 845 684 adiuvat
857 647 914 684 Deus

87 717 204 760 hominem,
218 719 242 754 ut
257 717 350 755 declinet
365 728 377 754 a
391 718 447 755 malo
462 720 482 754 et
497 717 563 755 iaciat
575 718 663 762 bonurn,
678 719 794 756 revelando
810 723 830 756 et
845 722 914 756 osten-

89 789 159 826 dendo
173 789 226 833 quid
238 789 285 826 fieri
299 790 381 832 debeat,
396 790 499 827 adiuvare
514 790 623 835 credatur;
638 802 681 828 non
697 791 761 828 etiam
776 791 914 834 cooperando

89 864 109 898 et
124 861 263 899 dilectionem
278 862 414 906 inspirando,
430 865 453 899 ut
470 862 493 899 id
509 863 567 907 quod
584 863 709 900 faciendum
726 874 772 900 esse
790 863 915 907 cognoverit

89 933 197 972 laciatse.

142 1007 166 1043 In
183 1008 259 1044 eodem
275 1007 331 1045 libro
341 1008 401 1044 haec
416 1018 441 1044 ex
457 1007 513 1045 libro
530 1007 593 1045 tertio
608 1007 688 1052 Pelagii
704 1019 743 1051 pro
760 1008 838 1045 Libero
855 1008 915 1045 Arhi-

89 1080 131 1116 trio
144 1078 206 1116 citat:
223 1079 286 1117 «Nos
299 1079 330 1117 sic
343 1079 384 1116 ista
397 1079 439 1116 tria
452 1079 610 1123 distinguimus,
623 1082 643 1116 et
656 1083 738 1117 certum
752 1080 809 1117 velut
822 1081 844 1116 in
858 1080 915 1117 ordi-

90 1162 138 1188 nem
155 1151 237 1195 digesta
250 1152 363 1195 partimur.
378 1151 451 1188 Primo
467 1152 516 1189 loco
531 1163 594 1196 posse
609 1151 728 1195 statuimus,
743 1152 838 1190 secundo
855 1153 915 1195 velle,

90 1224 153 1261 ter'tio
167 1235 220 1261 esse.
233 1223 298 1261 Posse
313 1224 336 1260 in
351 1227 434 1269 natura,
449 1224 504 1261 velle
518 1224 541 1260 in
557 1223 654 1268 arbitrio,
669 1235 716 1261 esse
731 1225 753 1260 in
769 1223 846 1261 effectu
860 1225 916 1261 loca-

90 1307 144 1334 mus.
160 1296 256 1333 Primum
274 1296 334 1339 illud,
352 1296 375 1333 id
393 1300 424 1333 est
440 1307 510 1340 posse,
529 1296 556 1333 ad
571 1296 639 1333 Deum
655 1297 744 1340 proprie
760 1296 861 1340 pertinet,
879 1297 916 1341 qui

91 1369 145 1406 illud
161 1372 272 1406 creaturae
288 1379 338 1406 suae
356 1368 457 1406 contulit:
478 1369 519 1406 duo
535 1379 586 1405 vero
604 1367 693 1412 reliqua,
710 1368 752 1406 hoe
770 1371 807 1412 est,
824 1369 879 1405 velte
897 1372 917 1405 et

91 1452 143 1485 esse,
161 1440 188 1478 ad
205 1440 316 1478 hominem
332 1440 447 1478 referenda
465 1444 520 1485 sunt,
538 1440 588 1485 quia
606 1441 632 1478 de
649 1440 734 1477 arbitrii
751 1441 811 1478 fonte
830 1441 917 1477 descen-

93 1514 152 1550 dunt.
168 1513 223 1557 Ergo
240 1514 263 1549 in
280 1514 390 1551 voluntate
407 1516 427 1550 et
444 1524 509 1557 opere
525 1513 583 1550 bono
599 1513 645 1550 laus
661 1512 758 1550 hominis
775 1516 817 1550 est:
837 1512 880 1549 imo
897 1515 917 1549 et

91 1586 192 1630 hominis,
204 1589 224 1623 et
236 1586 282 1629 Dei,
294 1586 331 1630 qui
344 1585 412 1629 ipsius
426 1585 543 1622 voluntatis
555 1589 574 1622 et
586 1586 658 1628 operis
670 1585 837 1629 possibilitatem
852 1584 917 1627 dedit,

91 1658 170 1703 quique
187 1658 257 1702 ipsam
272 1657 439 1701 possibilitatem
457 1657 538 1701 gratiae
556 1668 605 1694 suae
622 1657 709 1695 adiuvat
727 1668 813 1701 semper
830 1657 917 1694 auxilio.

93 1731 154 1774 Quod
171 1741 222 1769 vero
240 1733 311 1775 potest
328 1731 393 1768 homo
411 1730 466 1767 velle
483 1730 565 1767 bonurn
583 1732 645 1774 atque
664 1729 774 1773 perficere,
793 1729 859 1767 solius
878 1728 918 1766 Dei

93 1807 130 1840 est.
146 1803 218 1841 Potest
233 1803 304 1848 itaque
320 1803 374 1840 illud
391 1813 457 1840 unum
475 1813 527 1846 esse,
543 1802 627 1839 etiarnsi
646 1802 688 1839 duo
704 1802 745 1839 ista
762 1812 806 1839 non
824 1800 915 1839 tuerint:

93 1876 134 1913 ista
147 1886 198 1913 vero
214 1876 261 1913 sine
276 1875 314 1912 illo
329 1886 375 1912 esse
390 1885 433 1912 non
450 1877 547 1918 possunt.
563 1875 636 1918 Itaque
652 1874 744 1911 liberum
761 1873 815 1910 mihi
831 1876 862 1910 est
878 1884 918 1909 nec

93 1948 224 1985 voluntatem
239 1948 319 1985 bonam
334 1947 420 1990 hahere,
437 1958 477 1984 nec
494 1946 611 1984 actionem:
630 1947 689 1983 nullo
705 1949 775 1983 autem
791 1945 856 1982 modo
870 1956 918 1988 pos-

93 2031 140 2057 sum
156 2031 200 2058 non
217 2021 296 2057 habere
311 2019 478 2063 possibilitatem
493 2018 557 2056 boni:
576 2019 632 2056 inest
649 2018 703 2055 mihi
721 2018 805 2056 etiamsi
818 2002 918 2060 noluero,

93 2104 133 2130 nec
146 2093 213 2130 otium
227 2093 259 2130 sui
273 2092 390 2137 aliquando
401 2093 425 2129 in
435 2091 478 2129 hoc
491 2094 567 2129 natura
580 2091 665 2135 recipit.
677 2091 744 2134 Quem
755 2090 819 2128 nohis
833 2100 918 2127 sensum

93 2165 165 2210 aliqua
182 2165 280 2209 exempla
299 2164 380 2202 facient
398 2164 520 2202 clariorem.
539 2163 600 2207 Quod
618 2174 732 2207 possumus
750 2161 825 2199 videre
844 2161 919 2204 oeulis,

94 2241 191 2275 nostrum
205 2248 249 2275 non
264 2240 306 2275 est:
322 2238 381 2282 quod
393 2247 444 2274 vero
458 2237 513 2274 hene
528 2239 564 2273 aut
578 2237 633 2273 male
648 2236 752 2279 videmus,
766 2235 808 2272 hoc
822 2237 919 2271 nostrum

95 2313 146 2348 cst„
161 2309 187 2347 Et
201 2314 224 2347 ut
237 2309 366 2354 generaliter
380 2309 482 2346 universa
498 2309 636 2352 complectar,
652 2308 710 2352 quod
726 2317 840 2351 possumus
855 2309 919 2343 omne

94 2383 174 2419 honum
193 2383 270 2425 lacere,
289 2382 368 2425 dicere,
386 2382 487 2425 cogitare,
506 2381 564 2418 illius
583 2380 667 2425 estqui
683 2380 725 2417 hoc
742 2390 805 2423 posse
825 2377 920 2420 donavit,

94 2454 131 2498 qui
145 2454 187 2492 hoc
201 2465 264 2497 posse
279 2454 377 2491 adiuvat:
395 2454 453 2498 quod
466 2464 517 2491 vero
532 2453 586 2490 hene
602 2453 635 2489 νε]
650 2438 739 2496 agimus,
754 2452 787 2488 νε]
802 2447 917 2494 loquimur,

95 2528 128 2564 νε]
148 2528 272 2570 cogitamus
291 2530 388 2564 nostrum
406 2529 446 2571 est;
466 2526 517 2570 qnia
535 2526 589 2563 haec
609 2525 681 2563 omnia
699 2527 782 2562 vertere
800 2524 822 2559 in
840 2522 920 2559 malum

143 2688 150 2708 ⁴
164 2683 191 2715 De
204 2683 268 2721 gratia
282 2683 355 2716 Christi
370 2687 389 2716 et
402 2684 425 2716 de
437 2686 516 2723 peccato
531 2684 630 2722 originali,
645 2684 657 2716 l.
672 2685 688 2723 l,
702 2694 743 2723 cap.
759 2684 775 2716 3.
790 2684 823 2716 ML
838 2683 866 2723 44,
881 2683 921 2716 361.
