1952 3093
472 4 594 43 υ176--

120 127 300 172 supernaturalis;
315 130 335 164 et
347 127 451 164 auxilium
465 128 493 165 ad
506 128 546 164 hos
558 130 619 165 actus
633 128 780 165 necessarium
794 128 870 165 eodem
881 128 947 165 modo

120 200 187 238 estin
201 200 278 237 ordine
292 201 458 244 supernaturali,
472 209 522 243 ergo
536 210 601 237 sensu
613 200 688 237 stricto
701 199 831 238 indebitum.
845 199 883 238 Est
896 210 946 244 ergo

119 272 172 309 haec
184 272 253 316 gratia
263 272 291 309 ad
301 272 354 309 tales
365 275 427 309 actus
436 272 528 316 physice
539 272 668 316 necessaria,
679 275 700 309 et
709 276 767 309 recte
777 276 868 310 vocatur
878 272 948 316 gratia

120 345 213 389 eiciens,
226 355 276 382 cum
288 344 401 382 facultates
413 344 509 382 hominis
523 345 591 382 elevet
603 345 639 388 ita,
651 347 675 381 ut
686 345 730 382 sint
741 355 832 388 capaces
845 345 874 382 ad
886 348 947 382 actus

120 416 231 454 entitative
242 417 417 460 supernaturales
428 417 559 455 efficiendos.

175 489 342 532 supernaturale
362 489 491 533 intelligitur
512 489 593 526 donum
614 489 653 526 Dei
675 493 764 527 naturae
784 491 868 526 creatae
889 489 947 532 posi-

120 561 163 598 tive
188 560 310 598 indebitum
334 562 396 606 eique
421 561 591 605 superadditum.
614 561 760 605 Distinguitur
783 561 947 605 supernaturale

120 633 192 677 quoad
208 633 303 677 modurn,
320 644 369 670 curn
387 634 468 671 donum
483 633 542 678 quod
558 634 670 671 confertur
686 633 782 671 subiecto
800 634 828 671 sit
843 634 947 677 naturale,

120 705 197 742 modus
209 708 280 742 autem
290 716 332 749 quo
345 706 457 743 confertur
468 708 500 742 est
509 705 629 750 indebitus;
642 706 806 748 supernaturale
817 706 890 750 quoad
900 705 947 742 sub-

121 778 228 821 stantiam,
242 788 291 814 cum
303 778 375 822 ipsum
389 778 470 815 donum
483 777 510 815 sit
521 778 614 821 positive
626 777 758 823 indebitum3
771 778 861 815 relative
874 789 947 821 super-

122 849 225 894 naturale,
238 850 257 886 si
271 860 315 887 non
328 850 388 887 omni
402 850 447 887 enti
461 852 532 887 creato
548 854 580 888 est
592 849 721 893 indebitum,
736 850 899 893 supernaturale
912 849 947 887 ab·

122 922 196 965 solute,
214 922 232 958 si
249 922 309 959 omni
325 922 370 959 enti
386 925 458 959 creato
476 925 508 959 est
522 921 644 965 indebitum
661 922 706 959 sive
723 922 830 959 excedens
847 922 947 959 ordinem

123 997 277 1037 creaturarum,
289 997 309 1031 et
320 994 371 1031 inde
383 994 494 1037 pertinens
505 995 532 1031 ad
543 994 643 1031 ordinem
655 994 759 1031 divinum.

177 1066 278 1109 Quaestio
294 1065 333 1103 sub
348 1066 390 1102 hoc
404 1069 505 1109 respectu
520 1066 622 1109 explicite
638 1066 724 1103 videtur
739 1069 830 1103 tractata
843 1077 890 1103 esse
905 1077 948 1102 ma-

122 1138 180 1174 xime
192 1141 241 1181 post
253 1138 371 1175 concilium
383 1138 533 1181 tridentinum,
545 1138 596 1174 licet
608 1139 630 1174 in
645 1138 744 1175 doctrina
757 1139 855 1181 priorum
867 1139 948 1175 theolo-

123 1220 198 1253 gorum
213 1210 256 1246 iam
271 1210 409 1254 aliquomodo
425 1210 583 1247 continebatur.
598 1210 657 1246 Inter
672 1210 783 1254 theologos
799 1210 948 1253 posttridenti-

123 1292 162 1319 nos
173 1283 196 1318 iu
209 1282 250 1318 hac
262 1293 285 1318 re
297 1282 355 1326 quod
367 1282 394 1318 ad
407 1282 478 1325 ipsum
490 1281 571 1319 factum
583 1282 666 1326 attinet,
679 1291 768 1325 magnus
781 1292 899 1319 consensus
912 1282 948 1318 ha-

122 1354 185 1391 betur
191 1357 226 1390 121.
239 1353 287 1391 Non
301 1356 371 1391 autem
383 1364 501 1391 consensus
515 1354 663 1397 theologorum
676 1353 768 1391 habetur
779 1354 803 1390 in
816 1354 948 1398 quaestione,

123 1429 195 1462 utrum
212 1426 296 1463 actibus
314 1426 425 1463 entitative
442 1425 642 1469 supernaturalibus
659 1426 766 1463 viatorum
782 1425 949 1470 propriumob-

120 1499 203 1534 lectum
223 1498 314 1535 formale
332 1499 495 1541 supernaturale
515 1498 690 1541 correspondeat,
710 1498 768 1541 quod
787 1498 870 1535 uiribus
889 1501 949 1534 natu-

124 1570 205 1606 ralibus
220 1570 296 1612 attingi
311 1580 356 1606 non
371 1570 441 1613 possit
447 1573 482 1607 122.
496 1569 593 1606 Tandem
608 1580 726 1606 consensus
741 1570 890 1613 theologorum
904 1580 948 1607 nou

123 1642 215 1678 habetur
229 1641 251 1677 in
265 1641 425 1685 qualificatione
437 1642 501 1678 huius
516 1643 641 1678 sententiae.
655 1642 745 1678 Videtur
759 1645 829 1678 autem
842 1641 949 1679 sententia

124 1714 146 1749 in
163 1714 219 1750 thesi
235 1714 346 1750 enuntiata
362 1724 420 1750 nunc
438 1714 481 1750 dici
498 1724 561 1756 posse
577 1714 697 1750 communis
713 1715 747 1750 vel
763 1715 838 1750 saltem
855 1724 948 1750 commu-

124 1786 174 1822 nior
189 1785 344 1829 theologorum.

171 1945 199 1966 mr
212 1942 307 1981 vazquez,
318 1944 461 1981 consequenter
472 1941 497 1974 ad
509 1951 565 1974 suam
576 1942 686 1975 doctrinam
698 1943 721 1974 de
732 1942 796 1981 gratia
808 1942 888 1980 Christi,
900 1951 950 1981 quae

125 2003 232 2035 seeundum
244 2011 302 2034 snum
314 2011 355 2034 esse
366 2002 453 2040 pertinet
465 2003 489 2034 ad
501 2002 590 2034 ordinem
601 2002 719 2040 naturalem,
731 2012 782 2041 quae
793 2004 860 2034 tamen
871 2005 951 2041 propter

125 2064 196 2095 merita
212 2063 285 2095 Christi
301 2063 403 2095 confertur
421 2062 524 2100 (cogitatio
540 2062 640 2101 congrua),
657 2064 676 2095 et
692 2072 742 2102 quae
759 2063 867 2095 secundum
884 2062 950 2101 ipsum

126 2123 186 2155 etiam
202 2124 227 2155 ad
242 2126 308 2155 actum
323 2122 448 2155 meritorium
462 2122 483 2154 in
499 2122 558 2155 iustis
574 2123 660 2155 sufficere
674 2125 745 2162 potest,
762 2122 851 2155 docuisse
866 2122 951 2162 videtur,

125 2184 177 2215 inter
190 2186 244 2216 actus
258 2185 332 2216 remote
345 2183 370 2216 ad
382 2183 544 2215 iustificationem
557 2183 683 2221 disponentes
696 2183 757 2215 etiam
769 2183 820 2216 tales
833 2192 875 2216 esse
887 2192 951 2222 posse,

83 2244 85 2247 ’
125 2244 215 2283 quicum
227 2243 302 2276 auxilio
314 2244 376 2276 solius
388 2243 448 2276 huius
459 2243 535 2281 gratiae
545 2245 670 2282 ponerentur,
683 2243 717 2282 qui
729 2243 812 2282 proinde
823 2245 888 2276 essent
900 2243 951 2275 enti-

125 2304 187 2336 tative
199 2303 301 2336 naturales
315 2304 341 2342 (1,
355 2305 371 2341 2,
385 2304 434 2342 disp.
448 2303 482 2335 190
495 2313 537 2342 cap.
551 2303 572 2335 12
586 2313 615 2336 nr.
629 2303 680 2342 132);
696 2312 741 2336 eum
754 2305 821 2336 tamen
834 2303 950 2343 paucissimi

125 2364 218 2396 videntur
234 2364 302 2396 secuti.
317 2383 342 2387 —
358 2363 414 2403 Quod
429 2366 496 2396 autem
512 2363 612 2395 interdum
629 2363 707 2403 dicitur,
721 2363 817 2396 Molinam
832 2365 852 2396 et
868 2373 912 2396 cum
926 2349 955 2396 'eo‘

125 2426 191 2463 plnres
205 2424 306 2462 theologos
320 2424 387 2456 docere
401 2426 456 2456 actus
470 2423 576 2456 modaliter
589 2424 654 2456 solum
668 2424 834 2463 supernaturales,
847 2433 902 2456 error
915 2426 950 2463 est,

127 2485 156 2517 uti
171 2485 252 2517 cuilibet
266 2486 326 2523 patet,
341 2484 375 2523 qui
390 2484 437 2522 legit
451 2493 502 2523 quae
516 2494 531 2516 e.
545 2491 572 2522 gr.
586 2483 661 2517 Molina
674 2484 697 2516 de
711 2484 763 2516 facto
779 2484 802 2516 de
817 2484 853 2517 hac
867 2493 888 2517 re
903 2485 951 2517 dicit

128 2545 252 2583 (Concordia,
267 2554 284 2584 q.
299 2545 321 2576 14
336 2547 371 2577 art.
386 2545 408 2578 13
422 2544 472 2583 disp.
486 2544 518 2583 a&
534 2544 563 2576 ed.
577 2543 639 2576 Paris.
652 2543 698 2576 1816
712 2552 755 2583 pag.
769 2544 818 2582 215).

172 2607 200 2631 Μ
213 2605 240 2636 De
252 2605 288 2637 hae
299 2614 319 2637 re
329 2605 374 2636 vide
384 2605 411 2637 De
421 2604 529 2637 virtutibus
541 2604 657 2643 theologicis
667 2614 697 2636 nr.
709 2604 743 2637 327
755 2614 787 2643 ss,
798 2604 833 2637 ubi
844 2604 951 2643 probatum

126 2667 155 2697 est
171 2665 211 2697 tale
226 2665 325 2697 obiectum
341 2674 380 2697 non
397 2674 439 2697 esse
454 2664 605 2697 admittendum.
