1952 3093
477 128 504 132 -
519 106 556 143 100
571 129 598 133 —-

123 219 157 264 tis,
170 230 234 264 quarn
248 229 292 264 ens,
307 225 331 258 ut
346 201 426 257 dicitur
439 221 461 258 in
478 223 496 259 7.
511 222 597 265 Metaph
606 235 624 259 ».
639 222 665 259 Et
679 223 703 259 in
718 222 746 259 iis
760 234 814 267 quae
830 227 948 267 sequuntur

121 292 190 335 tangit
202 293 351 336 quaestionem
364 294 473 337 quomodo
487 294 556 337 gratia
568 293 661 331 oriatur:
679 297 718 331 «et
732 293 783 339 quia
796 295 841 332 eius
855 298 886 332 est
899 295 946 333 fieri

121 365 155 403 rel
170 366 281 409 corrumpi
295 366 356 404 cuius
372 369 404 404 est
419 378 471 412 esse,
485 367 541 412 ideo,
556 368 645 412 proprie
661 367 776 413 loquendo,
792 368 875 406 nullum
891 369 946 406 acci-

124 439 177 477 dens
192 450 261 483 neque
274 439 298 477 iit
313 450 382 484 neque
399 440 555 486 corrumpitur;
570 440 608 478 sed
624 440 704 478 dicitur
719 440 766 478 fieri
781 442 815 480 vel
830 442 948 487 corrumpi,

123 511 242 548 secundum
253 513 311 556 quod
322 513 442 550 subiectum
452 513 531 557 incipit
541 513 576 550 vel
587 513 667 551 desinit
678 524 724 550 esse
735 514 758 550 in
769 516 819 551 actu
829 514 948 552 secundum

123 584 178 620 illud
191 583 304 622 accidens:
320 588 340 622 et
353 585 472 622 secundum
485 585 528 622 hoc
540 585 605 622 etiam
618 585 687 629 gratia
700 585 781 623 dicitur
794 586 863 623 creari
878 597 904 623 ex
917 597 948 630 eo,

124 656 183 701 quod
191 655 291 695 homines
303 657 422 695 secundum
432 656 503 702 ipsam
513 658 620 703 creantur,
631 658 655 695 id
666 657 732 697 estin
744 667 800 696 novo
812 668 858 696 esse
870 658 949 696 cousti-

124 732 212 768 luuntur
226 741 252 767 ex
265 731 341 776 nihilo,
355 731 378 768 id
392 734 424 768 est
435 742 479 769 non
493 742 519 768 ex
532 730 622 776 meritis,
635 731 754 769 secundum
768 731 823 769 illud
835 731 863 769 ad
876 730 948 775 Ephes

124 803 153 839 2.:
168 802 239 840 Creati
248 803 271 840 in
284 803 369 842 Christo
380 804 463 841 lesuin
475 803 577 847 operibus
588 803 703 841 11111111>>69Ι
715 803 741 841 Et
753 804 795 842 alio
805 805 865 842 loeo:
879 802 949 842 «Gra-

120 874 157 918 tia,
170 884 219 912 cum
230 884 275 912 non
287 875 316 912 sit
327 875 398 912 torma
410 875 535 919 subsistens,
547 885 588 912 nec
601 886 646 912 esse
658 886 698 912 nee
710 875 758 912 fieri
771 876 791 913 ei
804 876 894 920 proprie
906 886 946 919 per

125 958 146 984 se
160 947 274 991 competit:
289 948 347 984 unde
359 936 403 984 non
416 948 505 991 proprie
519 950 604 984 creatur
617 959 656 991 per
669 947 758 984 modum
771 948 832 985 iilum
845 958 888 992 quo
902 947 949 985 sub·

125 1020 216 1058 stantiae
227 1031 267 1064 per
280 1032 302 1059 se
315 1021 455 1059 subsistentes
470 1023 576 1059 creantur.
590 1021 673 1058 Intusio
686 1024 757 1058 tamen
771 1021 852 1065 gratiae
865 1020 950 1059 accedit

126 1094 152 1130 ad
170 1094 276 1131 rationem
295 1093 411 1131 creationis
428 1094 451 1130 in
469 1096 573 1138 quantum
590 1094 658 1137 gratia
676 1105 720 1131 non
738 1092 804 1131 habet
822 1105 908 1131 causam
926 1094 949 1130 in

126 1166 229 1209 subiecto,
240 1177 281 1203 nec
292 1166 426 1209 efficientem,
438 1177 478 1203 nec
489 1167 553 1203 talem
563 1166 696 1203 materialem
707 1166 730 1202 in
742 1176 783 1209 qua
795 1166 874 1203 sithoc
885 1166 949 1203 modo

126 1239 149 1273 in
160 1237 263 1281 potentia,
274 1238 332 1282 quod
342 1248 381 1281 per
392 1246 456 1280 agens
466 1238 563 1274 naturale
575 1237 638 1274 educi
649 1237 718 1280 possit
729 1237 752 1273 in
764 1241 841 1283 actum,
854 1238 909 1275 sicut
920 1242 950 1274 est

127 1310 152 1347 de
169 1309 217 1347 aliis
234 1309 311 1352 formis
327 1309 513 1347 naturalibussw.

175 1441 304 1474 Onmcrlonns
318 1444 387 1473 contra
402 1440 475 1474 thesim
490 1440 535 1474 vide
546 1440 603 1479 ,apud
618 1442 691 1474 Beraza
706 1450 736 1474 nr.
752 1440 785 1475 730
801 1451 829 1480 ss;
846 1443 865 1473 et
882 1440 915 1473 743
931 1450 952 1481 s,

128 1511 179 1541 quae
193 1504 260 1534 tamen
276 1501 336 1534 facile
351 1500 456 1534 solvuntur
471 1501 590 1534 attendendo
607 1502 624 1540 1)
640 1511 676 1534 nos
690 1510 731 1533 non
747 1509 817 1540 negare
833 1500 894 1533 etiarn
911 1500 952 1540 Spi-

126 1562 188 1594 ritum
200 1561 294 1594 Sanctum
305 1561 357 1600 dari;
371 1561 390 1599 2)
402 1570 443 1593 non
456 1560 531 1601 quaeri,
543 1560 590 1600 quid
603 1561 692 1594 absolute
706 1562 732 1593 sit
745 1561 846 1600 possibile,
859 1562 890 1593 vel
903 1561 950 1600 quid

127 1623 178 1655 Deus
191 1621 277 1655 fortasse
290 1622 354 1655 tacere
366 1621 469 1661 potuisset,
483 1621 516 1654 sed
530 1620 578 1660 quid
591 1621 611 1653 in
624 1622 722 1661 praesenti
735 1621 803 1654 ordine
818 1622 840 1654 de
854 1622 906 1654 facio
920 1622 951 1654 sit,

125 1782 200 1818 THEsls
217 1783 238 1818 4:
257 1783 328 1817 Gratia
345 1783 480 1817 sanctificans
497 1792 509 1816 a
530 1783 604 1816 virtute
623 1784 693 1816 intusa
712 1784 805 1817 caritatis
823 1782 951 1823 probabilius

173 1843 260 1877 realiter
272 1843 412 1885 distinguitur.

181 1937 206 1974 In
222 1937 374 1974 iustificatione
391 1939 477 1980 praeter
494 1935 584 1979 gratiam
602 1935 772 1973 sanctificantem
789 1935 879 1973 virtutes
894 1935 952 1978 fidei,

129 2011 175 2055 spei
189 2014 210 2048 et
223 2010 320 2048 caritatis
333 2009 485 2046 infunduntur.
500 2009 544 2045 Hae
558 2008 648 2046 virtutes
661 2012 710 2045 sunt
724 2008 779 2045 sicut
792 2009 860 2052 gratia
875 2007 953 2046 sancti·

128 2083 194 2120 ficans
206 2083 265 2120 entia
275 2082 366 2127 physice
378 2082 534 2125 permanentia,
545 2080 664 2125 qualitates,
678 2081 783 2118 «habitus
794 2080 862 2118 infusi
870 2093 888 2119 >>.
900 2080 952 2118 Cum

129 2158 199 2193 autem
214 2155 301 2192 habitus
315 2155 423 2192 naturales
438 2153 539 2198 acquisiti
555 2164 618 2196 posse
634 2156 758 2196 supponant
773 2157 794 2190 et
809 2153 906 2191 subiecto
921 2153 952 2189 in-

129 2227 269 2265 clinationem
284 2227 395 2264 adactum
411 2218 430 2263 et
444 2226 530 2262 facilins
544 2235 607 2268 posse
622 2225 742 2268 conferant,
757 2225 846 2262 virtutes
861 2225 952 2268 inlusae,

126 2298 212 2337 habitus
220 2309 234 2336 a
242 2298 289 2336 Deo
296 2297 371 2342 infusi,
381 2298 452 2341 ipsum
461 2308 524 2341 posse
535 2297 586 2333 dant
595 2298 659 2334 simul
669 2308 718 2334 cum
727 2296 798 2341 aliqua
808 2296 950 2334 inclinatione

130 2373 157 2410 ad
174 2375 245 2410 actum
253 2376 276 2411 ⁷1.
293 2372 321 2409 Hi
338 2371 424 2408 habitus
442 2370 566 2407 immediate
582 2370 730 2407 subiectantur
745 2370 769 2406 in
786 2370 953 2421 1191111111εηὶ-

130 2456 183 2488 mae,
196 2444 250 2481 fides
264 2445 287 2481 in
301 2444 418 2487 intellectu,
432 2454 481 2487 spes
496 2446 516 2480 et
530 2442 608 2479 caritas
623 2443 646 2478 in
659 2442 775 2479 voluntate.
790 2442 854 2479 Fides
869 2445 890 2479 et
904 2453 952 2485 spes

130 2519 221 2561 possunt
235 2527 347 2554 remanere
363 2516 386 2552 in
401 2515 489 2552 homine
504 2517 553 2558 post
569 2504 688 2557 peccatum,
705 2513 728 2550 in
745 2519 846 2558 quo'non
862 2514 905 2550 iam
923 2516 953 2550 est

179 2654 197 2676 ⁸9
211 2650 228 2683 S.
240 2649 281 2690 Th'.‚
294 2651 310 2689 1,
323 2650 333 2683 2
346 2660 364 2690 q.
377 2649 411 2682 110
426 2660 442 2683 a.
454 2651 463 2683 2
477 2650 501 2683 ad
514 2650 530 2684 3.

179 2715 196 2736 ro
209 2711 236 2743 De
249 2711 338 2749 potentia
351 2721 368 2750 q.
382 2710 392 2744 3
406 2721 422 2744 a.
435 2711 446 2744 8
460 2711 485 2744 ad
495 2711 516 2750 3;
529 2711 554 2744 cf.
568 2711 644 2751 Suam,
657 2712 684 2744 De
698 2711 766 2745 Gratia
778 2713 811 2745 lib.
825 2713 835 2746 8
847 2723 888 2752 cap.
902 2711 918 2745 ij
931 2725 933 2728 >

179 2775 196 2796 11
209 2772 236 2803 Dc
248 2771 284 2804 hac
297 2782 316 2803 re
330 2772 395 2803 fusius
410 2772 430 2803 in
444 2774 530 2804 tractatu
543 2772 565 2804 de
579 2771 686 2816 virtutibus
701 2772 822 2811 theologicis.
