1952 3093
472 268 553 302 Parnes

155 423 260 461 Grunnius
273 423 452 460 itnnnnnonnrus:
468 436 479 458 «
487 422 545 460 Haec
558 432 608 466 ergo
621 425 680 460 tanta
692 423 782 460 mutatio
795 433 807 458 a
819 423 863 459 Deo
878 434 927 466 pro-

102 494 165 533 cedit⁴
176 506 218 540 qua
233 495 261 539 fit,
278 498 301 532 ut
317 495 372 540 quis,
388 507 414 532 ex
432 494 558 532 infidelitate
575 494 646 532 fidelis
664 495 740 538 iactus,
758 506 795 538 spe
813 498 834 531 et
849 494 926 532 timore

102 568 182 605 credat.
202 567 228 604 At
245 568 317 611 prima
335 567 423 612 quidem
441 567 468 604 ad
487 568 577 604 salutem
593 578 640 604 esse
659 567 773 604 inclinatio
792 567 856 604 nohis
874 566 927 605 fides

102 643 198 685 apparet,
216 642 330 684 postquam
347 640 413 677 timor
430 642 450 677 et
467 650 516 683 spes
533 651 559 676 ex
575 639 709 683 poenitentia
726 650 775 676 cum
793 639 927 677 continentia

102 714 122 748 et
134 712 249 749 tolerantia
259 712 398 754 proficientes
408 722 447 749 nos
460 712 541 748 ducunt
552 711 579 748 ad
591 722 686 748 amorem
697 714 717 748 et
729 711 875 754 cognitionem
884 724 894 747 »
904 716 927 748 14.

102 807 129 811 -
143 783 253 827 «Quando
268 784 412 821 audierimus:
427 783 480 820 fides
495 786 564 820 tuate
579 784 660 821 salvam
675 783 733 826 tecit,
749 794 793 820 non
808 783 927 825 accipimus

103 866 151 892 eum
174 855 300 897 (Christum)
321 856 393 892 dicere
413 855 543 898 simpliciter
562 866 598 892 eos
619 855 689 892 salvos
709 855 800 898 tuturos,
820 856 858 898 qui
878 866 928 898 quo-

104 927 262 971 modocumque
278 927 418 971 crediderint,
433 927 476 963 nisi
490 938 556 970 opera
571 937 656 971 quoque
671 926 752 963 fuerint
768 930 847 964 secuta.
864 926 928 970 Quip-

103 1010 131 1042 pe
144 999 231 1036 Iudaeis
246 999 297 1036 solis
311 999 371 1036 illam
386 998 472 1036 dicebat
484 1010 566 1042 vocem,
581 999 618 1043 qui
632 999 751 1035 secundum
764 999 833 1042 legem
848 1001 869 1035 et
883 999 929 1035 sine

105 1071 274 1114 reprehensione
288 1071 394 1113 vixerant,
409 1070 487 1115 quihus
503 1071 548 1107 sola
565 1070 637 1108 deerat
652 1070 705 1107 fides
721 1071 744 1106 in
759 1070 877 1108 Dominum
885 1083 896 1106 »
904 1072 929 1107 1¹⁵.

104 1165 132 1169 —
146 1142 265 1179 uniuersas:
284 1142 343 1185 «Qui
357 1142 450 1179 moritur
463 1142 486 1178 in
499 1142 595 1185 peccatis
609 1142 660 1185 suis,
675 1143 715 1178 etsi
731 1142 789 1179 dicat
804 1153 826 1178 se
841 1142 929 1179 credere

106 1213 198 1257 Christo,
212 1224 287 1251 revera
301 1224 345 1250 non
359 1213 454 1251 credidit
468 1214 511 1258 illi;
526 1224 576 1250 nam
592 1214 632 1250 etsi
647 1214 732 1250 dicatur
746 1213 806 1257 fides,
820 1214 866 1250 sine
881 1224 930 1257 ope-

106 1285 166 1322 ribus
181 1288 252 1322 autem
267 1286 362 1329 exsistat,
377 1288 461 1322 mortua
476 1287 508 1322 est
522 1285 572 1322 talis
586 1285 645 1329 fides,
660 1287 683 1322 ut
697 1285 788 1329 legimus
802 1285 825 1321 in
837 1285 931 1329 epistula

106 1366 160 1401 quae
174 1357 249 1393 Iacobi
262 1356 351 1393 nomine
365 1356 572 1394 circumfertursu.
587 1380 615 1384 -
629 1356 649 1394 S.
664 1356 784 1394 Gnnuonrus
800 1356 928 1393 Nrssnnus:

107 1427 179 1465 «Cum
195 1427 237 1464 fide
254 1428 360 1465 iustitiam
377 1430 492 1466 conectens
510 1431 530 1465 et
547 1431 664 1465 contexens
684 1428 778 1470 (Paulus)
795 1439 834 1471 per
850 1439 885 1465 eas
901 1429 931 1465 lo-

108 1500 176 1537 ricam
191 1503 273 1537 armato
286 1503 355 1543 parat,
372 1502 429 1537 recte
444 1503 464 1537 et
480 1502 525 1537 tuto
540 1511 580 1544 per
595 1503 707 1545 utramque
723 1500 818 1537 loricans
835 1500 932 1537 mil-item.

107 1571 245 1615 Impossibile
263 1575 295 1608 est
312 1572 370 1610 enim
387 1574 482 1609 utentem
500 1572 580 1609 armari
597 1575 642 1610 tuto
659 1583 697 1616 per
715 1573 805 1609 alteram
821 1572 847 1609 ab
866 1572 933 1609 altera

109 1643 247 1681 disiunctum.
261 1643 305 1681 Nec
320 1644 378 1681 enim
390 1643 443 1681 fides
458 1644 538 1688 absque
552 1643 654 1687 operibus
668 1645 763 1682 iustitiae
778 1647 810 1681 est
824 1643 932 1681 sufficiens

110 1716 137 1753 ad
153 1716 290 1760 salvandum;
306 1727 346 1753 nec
362 1727 436 1753 rursus
450 1716 507 1753 vitae
522 1715 606 1753 iustitia
619 1727 658 1759 per
672 1727 694 1753 se
710 1717 842 1753 adsalutem
858 1726 933 1753 secura

109 1791 141 1825 est
156 1788 264 1825 disiuncta
279 1787 321 1825 fide
330 1800 340 1824 »
348 1792 374 1825 11⁷.
389 1811 417 1815 —
432 1787 452 1826 S.
468 1788 561 1826 lomnes
579 1787 766 1826 Cnnrsosronus:
787 1787 847 1831 «Qui
864 1788 934 1826 credit

110 1859 133 1896 in
147 1859 232 1904 Filium,
246 1860 311 1897 hahet
323 1860 390 1897 vitam
403 1864 512 1897 aeternam
552 1860 608 1896 Num
622 1870 672 1903 ergo
686 1860 770 1904 sufficit,
783 1861 875 1904 inquies,
890 1871 934 1897 cre-

111 1932 162 1968 dere
176 1932 198 1967 in
213 1931 292 1967 Filium
308 1934 331 1968 ut
345 1931 389 1968 vita
405 1935 492 1968 aeterna
507 1931 624 1968 habeatur?
640 1928 786 1976 Nequaquam.
801 1931 859 1969 -Audi
875 1931 935 1969 Chri-

111 2005 167 2039 stum
179 2003 221 2039 hoc
233 2003 305 2046 ipsum
318 2002 464 2039 declarantem
476 2003 511 2039 his
523 2002 606 2040 verbis:
620 2002 668 2040 Non
681 2003 752 2040 omnis
763 2003 801 2047 qui
814 2003 868 2040 dicit
880 2003 934 2039 mihi

110 2074 209 2117 Domine,
224 2074 323 2118 Domine,
338 2074 429 2111 intrabit
444 2074 467 2110 in
483 2084 573 2118 regnum
589 2075 707 2119 caelorum;
717 2060 745 2112 vet
760 2075 895 2118 blasphemia
912 2074 934 2111 in

111 2145 216 2189 Spiritum
230 2145 314 2190 sufficit,
327 2149 350 2183 ut
363 2147 386 2182 in
400 2147 520 2189 gehennam
532 2146 581 2191 quis
595 2147 727 2184 detrudatur.
740 2146 767 2183 Et
779 2147 833 2191 quid
846 2147 895 2184 dico
910 2146 935 2184 de

111 2221 184 2261 partes
200 2218 319 2261 dogmatis?
334 2218 388 2255 Nam
403 2218 443 2255 etsi
458 2219 506 2261 quis
522 2221 579 2255 recte
595 2219 669 2255 credat
682 2219 705 2254 in
721 2219 806 2256 Patrem
821 2222 841 2256 et
857 2219 936 2256 Filium

111 2293 131 2326 et
147 2289 252 2333 Spiritum
268 2290 376 2334 Sanctum,
391 2291 410 2327 si
425 2293 483 2327 recte
499 2300 543 2327 non
557 2290 622 2334 vivat,
637 2291 694 2327 nihil
709 2291 753 2335 ipsi
768 2291 822 2328 fides
837 2290 936 2335 proderit

162 2498 179 2519 1⁴4
193 2495 297 2533 Strornata,
307 2496 323 2532 2,
334 2495 350 2531 6,
361 2496 389 2533 31,
401 2496 419 2533 1;
430 2495 465 2527 MG
475 2496 492 2534 8,
503 2495 546 2534 9653
558 2495 574 2528 R
585 2496 625 2529 419.

160 2559 178 2580 15
191 2556 272 2593 ibidem,
287 2556 303 2594 6,
316 2556 344 2594 14,
359 2556 399 2594 108,
413 2556 429 2588 4.
444 2556 463 2593 5;
478 2556 513 2588 MG
527 2556 543 2595 9,
558 2556 601 2594 329;
615 2556 632 2589 R
645 2557 686 2589 428.

161 2619 179 2641 1⁶
192 2616 214 2648 ln
230 2613 324 2648 Ioannc'm
339 2625 408 2648 comm.
423 2616 450 2654 19,
466 2616 493 2655 23,
509 2617 552 2654 152;
569 2617 604 2649 ΜΕ
618 2617 645 2655 14,
661 2617 704 2655 5693
720 2618 736 2650 R
751 2617 791 2649 481.

162 2680 178 2700 1?
193 2677 215 2707 ln
231 2676 361 2708 Ecclesiasten
376 2676 428 2708 horn.
445 2676 464 2714 8;
480 2676 515 2708 an
531 2677 559 2715 44,
576 2677 619 2714 748:
637 2677 652 2709 R
669 2677 720 2709 1024.
