1952 3093
481 29 589 68 -20-

126 165 252 206 asserentes,
262 162 330 200 variis
340 163 424 208 sibique
437 163 553 201 contrariis
566 167 619 200 sunt*
627 164 737 201 erroribus
749 164 849 203 involuti.
861 164 883 202 Si
895 165 954 202 enim

127 235 246 273 dixerimus
266 239 364 273 nostrum
385 247 431 274 esse
450 236 520 274 bonae
540 236 676 281 principium
696 237 819 282 voluntatis,
839 237 892 283 quid
913 238 954 275 fuit

127 308 150 343 in
166 312 304 352 persecutore
322 308 395 354 Paulo,
412 309 466 354 quid
483 310 506 347 in
523 309 640 354 publicano
658 310 772 354 Matthaeo‚
790 321 882 355 quorum
898 321 954 348 unus

127 381 200 418 cruori
215 392 240 418 ac
255 381 370 424 suppliciis
385 382 533 427 innocentum,
549 381 603 419 alius
618 382 729 420 violentiis
743 392 770 419 ac
784 383 869 426 rapinis
883 382 953 426 puhli-

127 453 159 490 cis
170 454 277 491 incubans
291 455 406 492 attrahitur
418 455 446 492 ad
459 456 562 493 salutem?
576 455 613 492 Sin
626 466 677 493 vero
691 456 760 499 gratia
772 456 813 492 Dei
825 466 910 499 semper
923 456 955 492 in-

128 526 208 569 spirari
220 527 290 564 bonae
302 528 419 565 voluntatis
432 527 543 572 principia
557 528 682 573 dixerimus,
696 528 750 573 quid
763 529 789 566 de
801 528 893 566 Zachaei
906 528 955 571 fide,

128 599 181 643 quid
196 600 222 637 de
236 599 295 652 illius
309 601 332 636 in
347 611 411 638 cruce
425 601 516 638 latronis
530 601 610 644 pietate
626 601 726 644 dicimus,
739 602 777 646 qui
792 600 906 639 desiderio*
917 612 955 639 suo

129 672 172 709 vim
193 672 308 717 quamdam
331 673 403 717 regnis
425 674 553 711 caelestibus
574 673 820 718 inferentesspecialia
834 673 956 711 vocationis

129 746 210 783 monita
227 747 399 790 praevenerunt?
415 746 627 785 Consummationem
643 758 694 785 vero
712 747 816 790 virtutum
832 750 853 784 et
870 757 956 783 exsecu-

129 818 210 855 tionem
222 819 374 857 mandatorum
387 819 433 864 Dei,
447 820 466 857 si
480 824 554 857 nostro
568 820 743 863 deputaverimus
758 819 855 863 arbitrio,
869 830 957 863 quomo·

131 891 158 928 do
176 902 273 929 oramus:
295 891 408 938 Confirma,
427 892 490 936 Deus,
509 893 550 929 hoc
569 893 628 936 quod
645 894 746 936 operatus
765 903 787 929 es
805 892 828 928 in
847 891 956 929 uobis71...

130 964 187 1001 Haec
200 964 249 1009 duo,
261 964 284 1001 id
297 968 334 1008 est,
346 966 380 1002 vel
392 965 461 1009 gratia
471 965 518 1009 Dei,
529 967 562 1002 vel
575 965 668 1002 liberum
681 964 801 1008 arbitrium,
815 965 857 1002 sibi
868 964 957 1008 quidem

129 1037 224 1074 invicem
238 1037 341 1074 videntur
355 1038 452 1082 adversa,
467 1038 505 1075 sed
518 1040 608 1081 utraque
624 1037 764 1080 concordant,
779 1040 799 1074 et
813 1040 903 1080 utraque
917 1047 957 1074 nos

130 1109 213 1152 pariter
228 1111 306 1147 dehere
321 1111 438 1154 suscipere,
453 1110 540 1154 pietatis
556 1110 639 1147 ratione
655 1109 783 1153 colligimus,
797 1120 824 1147 ne
839 1120 906 1146 unum
920 1109 958 1146 ho-

131 1192 178 1219 rum
195 1182 280 1220 homini
296 1183 464 1226 substrahentes,
481 1177 640 1220 ecclesiasticae
658 1182 709 1219 fidei
726 1182 821 1225 regulam
840 1181 958 1219 excessisse

132 1255 250 1293 videamur.
265 1254 319 1291 Nam
337 1266 385 1292 cum
400 1254 481 1292 viderit
498 1266 537 1292 nos
552 1256 608 1291 Deus
626 1255 653 1291 ad
668 1254 749 1292 honum
766 1254 820 1291 velle
838 1253 958 1296 deflectere,

131 1328 233 1371 occurrit,
250 1327 324 1371 dirigit
339 1331 402 1372 atque
418 1327 547 1364 confortat...
561 1326 587 1363 Et
602 1338 676 1363 rursus
693 1328 711 1364 si
727 1337 766 1364 nos
782 1327 840 1363 nolle
855 1326 889 1363 vel
905 1326 958 1362 inte-

132 1400 204 1442 puisse
218 1400 360 1444 perspexerit,
376 1399 538 1437 adhortationes
553 1397 675 1436 salutiferas
689 1399 789 1435 admovet
804 1397 907 1435 cordibus
922 1408 959 1435 uo·

132 1473 189 1516 stris,
202 1472 280 1516 quibus
291 1473 390 1509 voluntas
403 1472 460 1509 bona
471 1472 505 1508 vel
518 1473 630 1515 reparetur
642 1471 675 1508 vel
689 1471 794 1507 formetur
806 1471 829 1506 in
843 1469 906 1507 nobis
915 1482 925 1506 »
933 1473 959 1507 ¹¹².

132 1544 230 1582 Attamen
245 1556 330 1588 semper
344 1544 413 1588 gratia
427 1547 459 1581 est
472 1544 571 1588 gratuita,
586 1543 656 1580 «dum
670 1542 752 1586 exiguis
767 1542 896 1586 quibusdam
911 1552 959 1585 par-

132 1601 207 1661 visque
220 1617 333 1655 conatibus
344 1620 426 1655 tantam
438 1615 607 1663 immortalitatis
617 1615 714 1659 gloriam,
726 1617 784 1651 tanta
797 1613 899 1658 perennis
911 1614 959 1651 bea-

134 1689 234 1727 titudinis
252 1691 314 1733 dona,
331 1690 486 1728 inaestimabili
503 1691 579 1728 tribuit
594 1691 711 1734 largitate»
721 1695 745 1727 aa,

187 1774 265 1812 Affines
285 1775 397 1813 doctrinae
415 1775 441 1812 ab
461 1775 509 1812 aliis
527 1786 611 1820 qunque
629 1775 814 1819 proponebantur.
832 1776 863 1813 De
882 1775 960 1820 quibus

134 1846 228 1890 Prosper
244 1847 364 1890 Augustino
380 1847 468 1886 scribit:
489 1847 568 1884 «Multi
587 1857 636 1890 ergo
654 1857 765 1885 servorum
783 1847 863 1885 Christi
881 1848 918 1891 qui
937 1849 959 1883 in

133 1918 263 1956 Massiliensi
276 1919 329 1956 urbe
341 1920 469 1963 consistunt,
482 1920 505 1955 in
518 1919 642 1957 Sanctitatis
656 1924 704 1957 tuae
717 1919 805 1962 scriptis
819 1930 873 1964 quae
886 1919 960 1956 adver-

135 2002 170 2028 sus
181 1991 307 2035 Pelagianos
318 1992 439 2029 haereticos
450 1991 576 2035 condidisti,
588 1992 721 2029 contrarium
731 1994 808 2034 putant
818 1995 904 2035 patrum
916 1992 961 2035 opi-

135 2064 196 2101 nioni
212 2068 232 2101 et
247 2064 395 2102 ecclesiastico
412 2064 491 2107 sensui,
505 2063 612 2108 quidquid
627 2064 649 2100 in
666 2064 697 2101 eis
713 2047 869 2102 devocatione
885 2064 961 2100 electo-

135 2147 182 2173 rum
200 2136 318 2174 secundum
336 2137 376 2174 Dei
392 2135 528 2180 propositum
548 2136 663 2179 disputasti
672 2149 682 2172 »
690 2140 714 2172 ⁷4.
730 2119 871 2173 Difficultates
891 2146 961 2173 creve-

136 2212 185 2246 runt
198 2212 312 2254 postquam
327 2220 343 2253 s,
358 2208 488 2253 Augustinus
504 2208 573 2245 edidit
587 2219 648 2245 suum
662 2193 743 2245 librum
758 2204 961 2251 «Decorreptione

137 2284 157 2318 et
173 2282 268 2325 gratia».
285 2281 402 2324 Propterea
420 2281 462 2317 duo
478 2280 536 2324 laici,
553 2280 605 2317 Tiro
621 2280 715 2323 Prosper
729 2279 849 2324 Aquitauus
867 2265 892 2317 et
904 2264 962 2317 llila-

136 2425 279 2433 *-

186 2540 202 2560 71
217 2535 241 2567 Ps
256 2534 325 2573 6229,

187 2600 204 2621 iss
217 2597 250 2629 ML
265 2595 293 2634 49,
308 2595 342 2628 922
357 2605 392 2633 ss.;
406 2594 431 2628 ef.
446 2594 482 2627 col.
496 2594 539 2633 92&
556 2593 595 2626 93⁰.

187 2659 204 2681 *³
217 2656 251 2689 ML
264 2656 292 2694 49,
305 2655 345 2689 933.

187 2720 204 2741 74
217 2717 251 2748 ML
265 2716 293 2754 33,
308 2716 360 2749 1002.
