1952 3093
404 31 512 75 -4'1-

101 159 159 196 Haec
170 158 223 196 fides
237 162 268 196 est
279 159 368 196 omnino
381 162 445 196 certa.
459 158 570 202 «Agamus
583 159 649 203 igitur
661 160 705 196 Deo
718 158 805 203 gratias,
818 159 876 204 quod

48 233 133 272 liberati
145 243 218 269 sumus
232 232 312 269 abhoc
326 235 423 269 monstro
437 232 600 269 incertitudinis
614 243 639 268 ao
653 233 696 269 iam
711 235 769 269 certo
783 230 876 269 statuere

49 316 161 351 possumus
175 304 280 348 Spiritum
295 307 393 342 sanctum
408 306 501 342 clamare
517 309 537 342 et
551 305 612 341 illum
627 298 797 342 inenarrabilem
812 306 876 349 gemi-

49 384 93 416 tum
105 378 182 415 aedere
194 378 216 413 in
229 378 331 415 cordibus
342 378 429 415 nostris.
443 377 531 421 Hocque
544 367 709 414 tundamentum
720 381 752 415 est
764 381 874 415 nostrum:

49 451 188 494 Evangelium
206 450 265 487 iubet
281 451 362 486 intueri
379 462 419 487 nos
437 461 480 487 non
496 449 610 487 benefacta
629 453 648 487 et
664 450 822 494 perfectionem
840 461 877 487 n0-

50 528 120 566 stram,
139 523 177 560 sed
194 523 266 566 ipsum
284 523 352 559 Deum
370 522 538 567 promittentem,
557 523 629 566 ipsum
647 522 756 561 Christum
774 522 876 560 Mediato-

50 608 100 634 rem.
118 595 197 634 Contra
215 596 273 640 Papa
292 596 351 632 iubet
368 595 477 639 respicere
495 605 539 633 uon
557 596 625 632 Deum
644 595 813 639 promittentem,
832 606 876 632 non

50 669 157 706 Christum
169 668 302 711 Pontificem,
316 667 354 704 sed
366 671 439 705 nostra
453 678 519 710 opera
533 671 553 705 et
566 668 696 708 meritalbi
710 668 833 705 necessario
847 679 877 704 se-

50 743 122 786 quitur
136 741 242 778 dubitatio
256 744 277 777 et
291 740 420 784 desperatio,
434 740 480 776 illie
493 751 545 778 vero
560 739 666 777 certitudo
681 743 701 777 et
715 739 817 783 gaudium
831 740 877 783 Spi-

50 814 109 858 ritus,
120 813 171 857 quia
183 813 206 848 in
218 813 262 850 Deo
273 813 359 855 haereo,
370 813 407 857 qui
419 812 508 849 mentiri
520 823 564 849 non
576 814 656 857 potest;
672 812 725 849 dicit
738 812 807 849 enim:
821 812 876 849 Eece

50 886 111 923 trado
124 885 193 922 filium
208 896 279 922 meum
294 884 317 921 in
332 887 429 928 mortem,
445 887 468 921 ut
483 887 503 921 te
520 884 624 928 sanguine
639 895 676 921 suo
691 884 785 921 redimat
800 896 812 921 a
827 895 876 928 pee-

51 960 103 996 eatis
117 962 136 995 et
150 961 225 996 morte.
239 959 273 995 Ibi
287 969 330 995 non
345 969 434 1001 possum
450 957 554 1001 dubitare,
568 957 611 993 nisi
624 957 690 994 velim
704 968 794 1000 prorsus
809 958 877 994 Deum

51 1041 134 1075 negare.
147 1031 214 1075 Atque
229 1032 282 1068 haec
298 1034 329 1067 est
343 1031 405 1074 ratio,
421 1041 459 1067 our
473 1034 547 1067 nostra
562 1029 679 1073 Theologia
695 1032 753 1066 oerta
768 1029 806 1067 sit:
824 1029 877 1073 QuIa

51 1104 107 1147 rapit
120 1114 159 1140 nos
175 1114 186 1140 a
201 1103 265 1140 nobis
280 1106 300 1139 et
313 1102 376 1146 ponit
389 1114 428 1139 nos
444 1104 504 1139 extra
519 1113 565 1145 nos,
580 1105 603 1138 ut
618 1112 662 1138 non
678 1102 774 1138 nitamur
786 1102 877 1144 viribus,

51 1175 190 1217 conscientia,
203 1186 273 1219 sensu,
285 1184 385 1218 persona,
398 1174 501 1217 operibus
514 1174 601 1217 nostris,
615 1173 653 1210 sed
666 1185 690 1210 eo
704 1173 805 1217 nitamur,
819 1174 877 1217 quod

51 1251 81 1285 est
95 1250 154 1285 extra
166 1257 212 1288 nos,
223 1248 265 1285 hoo
279 1249 316 1290 est,
330 1247 475 1290 promissione
489 1249 509 1283 et
522 1245 612 1283 veritate
625 1246 665 1283 Dei
678 1257 732 1290 quae
744 1245 819 1283 fallere
833 1257 877 1283 nou

51 1324 126 1364 potest.
144 1321 190 1358 Hoc
206 1320 264 1364 Papa
279 1319 354 1364 nescit,
372 1320 421 1357 ideo
439 1320 470 1356 sio
487 1319 554 1363 impie
570 1321 662 1362 nugatur
679 1330 728 1356 cum
746 1318 790 1355 suis
807 1318 877 1361 furiis,

51 1394 159 1430 neminem
177 1393 239 1436 seire,
257 1404 284 1429 ne
301 1393 368 1429 iustos
385 1392 473 1436 quidem
491 1396 512 1428 et
530 1392 645 1434 sapientes,
663 1394 736 1428 utrum
755 1390 815 1434 digni
834 1391 878 1428 sint

52 1477 123 1502 amore
138 1468 177 1502 ete.
191 1465 236 1502 Iino
253 1466 271 1502 si
286 1465 338 1501 iusti
354 1468 374 1501 et
390 1464 498 1507 sapientes
515 1466 570 1506 sunt,
586 1465 645 1499 certo
662 1463 733 1500 sciunt
750 1474 772 1499 se
788 1463 849 1506 diligi
866 1473 877 1498 a

50 1538 101 1580 Deo,
115 1539 149 1574 vol
163 1537 214 1573 iusti
229 1540 249 1574 et
263 1536 371 1580 sapientes
386 1546 430 1573 non
445 1538 513 1572 sunt»
522 1539 546 1572 32.

104 1610 157 1647 Fide
175 1610 258 1647 iustitia
276 1608 356 1647 Christi
373 1609 396 1646 fit
413 1609 496 1646 iustitia
514 1613 594 1647 nostra.
613 1610 700 1654 «Igitur
717 1623 756 1655 per
773 1611 838 1650 fidem
855 1613 877 1649 in

52 1681 160 1720 Christum
168 1682 191 1720 fit
199 1682 282 1720 iustitia
293 1681 374 1720 Christi
383 1685 457 1720 nostra
468 1682 555 1720 iusticia
563 1686 584 1720 et
593 1683 666 1721 omnia
676 1696 730 1728 quae
742 1687 791 1721 sunt
801 1686 877 1729 ipsius,

51 1755 116 1792 immo
129 1756 221 1798 ipsemet
233 1758 307 1793 noster
319 1754 348 1792 fit.
359 1755 411 1792 Ideo
425 1755 519 1798 appellat
532 1767 578 1793 eam
591 1755 706 1798 Apostolus
720 1757 825 1795 iustitiam
838 1758 878 1794 Dei

52 1827 78 1863 ad
95 1828 126 1864 Ro
143 1828 158 1864 Ι.
176 1827 261 1864 Iustitia
277 1828 317 1863 Dei
334 1829 441 1864 revelatur
458 1828 481 1863 in
497 1827 620 1871 Evangelio,
637 1830 693 1865 sieut
711 1828 816 1872 seriptum
834 1833 875 1867 est:

52 1898 121 1935 Iustus
136 1910 162 1935 ex
175 1898 217 1935 fide
231 1899 291 1936 vivit.
306 1899 404 1943 Denique
420 1902 440 1935 et
454 1899 507 1935 fides
523 1899 572 1936 talis
587 1902 677 1936 vocatur
691 1900 778 1937 iusticia
793 1902 840 1944 Dei,
856 1905 878 1937 ut

53 1971 147 2009 eiusdem
165 1972 186 2008 13.
206 1972 336 2009 arbitramur
356 1971 466 2009 hominem
485 1971 598 2009 iustificari
617 1983 657 2015 per
676 1972 747 2010 fidem.
768 1973 826 2011 Haec
847 1977 878 2011 est

52 2043 137 2082 iusticia
151 2044 236 2082 infinita
251 2048 271 2082 et
285 2044 357 2083 omnia
371 2047 461 2089 peccata
475 2045 497 2081 in
511 2048 620 2082 momento
635 2044 760 2090 absorbens,
775 2046 825 2090 quia
840 2046 878 2084 im-

52 2118 155 2159 possibile
171 2121 208 2160 est,
224 2118 283 2162 quod
296 2121 410 2161 peceatum
424 2117 446 2153 in
464 2116 549 2155 Christo
565 2118 663 2155 haereat:
682 2122 703 2155 at
718 2119 756 2162 qui
771 2119 841 2156 credit
855 2120 877 2155 in

53 2187 144 2233 Christo,
158 2190 232 2226 haeret
246 2190 268 2226 in
285 2189 377 2233 Christo,
392 2193 465 2233 estque
479 2200 546 2227 unum
562 2201 611 2226 eum
625 2189 717 2233 Christo,
732 2190 815 2227 habens
831 2202 879 2228 ean-

53 2260 99 2297 dem
115 2262 220 2297 iustitiam
236 2273 285 2298 eum
300 2262 355 2304 ipso.
369 2262 420 2298 ideo
435 2261 571 2304 impossihile
587 2264 624 2306 est,
640 2262 698 2306 quod
714 2262 736 2297 in
754 2273 778 2299 eo
793 2266 878 2299 maneat

52 2336 170 2374 peecatum.
185 2333 211 2370 Et
226 2334 280 2371 haec
297 2333 384 2372 iusticia
400 2337 432 2371 est
448 2333 525 2379 prima,
541 2334 712 2377 tundamentum,
730 2345 800 2378 eausa,
817 2334 878 2379 origo

52 2407 122 2444 omnis
136 2407 230 2445 iustitiae
243 2407 346 2451 propriae
359 2418 396 2445 seu
410 2407 506 2450 actualis,
518 2407 569 2452 quia
582 2418 632 2444 vere
646 2407 696 2456 ipsa
708 2407 771 2444 datur
784 2418 824 2450 pro
837 2408 879 2446 ori·

53 2479 119 2521 ginali
132 2479 215 2516 iustitia
230 2480 253 2516 in
268 2479 336 2516 Adam
351 2480 436 2523 perdita
452 2483 472 2516 et
487 2482 589 2524 operatur
602 2480 632 2523 id,
648 2480 714 2517 immo
729 2480 799 2517 maius
815 2490 878 2525 quam

52 2550 88 2588 illa
101 2552 184 2588 iustitia
196 2551 309 2595 originalis
321 2551 398 2589 fuisset
412 2555 506 2594 operata.
521 2552 556 2589 Sio
570 2550 699 2595 intelligitur
712 2552 767 2588 illud
779 2563 811 2594 ps.
825 2552 878 2588 XXX.

100 2706 117 2727 3'2
131 2702 153 2734 In
166 2702 222 2740 epist.
238 2702 255 2735 S.
270 2702 327 2734 Pauli
342 2702 366 2734 ad
380 2702 460 2735 Galatas
475 2701 548 2735 Comm.
565 2702 636 2740 (1535).
651 2702 685 2742 Op.
698 2712 750 2735 omn.
765 2702 793 2735 40.
809 2703 824 2742 1,
838 2702 878 2736 589.
