1952 3093
440 80 561 118 -179-

86 201 185 240 absurda
198 204 229 238 est
243 211 316 238 eorum
331 200 444 242 sententia,
457 199 494 243 qui
510 199 591 243 dicunt,
605 199 716 236 hominem
731 199 757 236 ab
771 199 842 244 initio,
858 199 915 237 dono

87 274 180 320 quodam
194 273 354 317 supernaturali
369 275 389 310 et
403 272 503 316 gratuito,
519 283 584 315 supra
598 271 746 309 conditionem
760 275 850 309 naturae
865 282 915 309 suae

88 347 154 384 luisse
166 345 289 390 exaltatum,
303 347 325 381 ut
338 343 387 387 fide,
401 355 438 388 spe
453 348 474 382 et
487 344 577 381 caritate
588 344 658 380 Deum
673 344 867 388 supernaturaliter
881 355 915 381 co-

87 421 209 456 1611111-
224 417 260 453 «Α
275 417 337 453 vanis
354 421 373 453 et
389 416 465 453 otiosis
481 415 613 459 hominibus,
630 416 749 453 seeundum
764 416 915 460 insipientiam

87 489 275 534 philosophorum,
294 488 414 532 excogitata
431 491 463 525 est
481 480 593 531 sententia,
613 499 667 533 quae
687 489 714 525 ad
733 488 915 532 Pelagianismum

87 562 198 599 reicienda
213 564 250 605 est,
264 560 375 598 hominem
390 560 417 597 ab
430 561 494 597 initio
510 561 541 597 sic
556 561 703 603 constitutum,
716 564 740 597 ut
753 571 792 604 per
808 561 865 598 dona
878 571 914 597 na·

88 637 147 671 turae
162 633 303 676 superaddita
319 633 384 670 tuerit
399 633 498 676 largitate
514 633 635 670 conditoris
652 632 779 669 sublimatus
795 637 815 669 et
831 633 859 669 ad
875 632 915 669 Dei

87 705 155 742 filium
170 705 285 748 adoptatus
293 717 312 742 ».
326 728 353 732 -
362 712 379 740 '‹<
388 704 451 742 Falsa
464 707 496 742 est
511 705 624 742 doctorum
640 705 752 748 sententia,
767 705 862 748 primum
877 705 915 742 ho-

87 777 168 815 minem
182 776 279 821 potuisse
291 788 304 814 a
318 777 363 814 Deo
379 777 448 814 creari
463 780 483 814 et
498 777 583 813 institui
599 777 646 814 sine
661 777 744 813 iustitia
759 776 852 813 naturali
861 790 871 812 a
880 780 915 813 ³²5.

141 848 193 886 Cum
208 848 299 886 elevatio
313 852 403 886 naturae
417 849 440 885 in
455 848 555 886 ordinem
571 849 757 892 supernaturalem
772 848 868 886 absolute
883 849 914 885 in-

88 921 160 959 debita
175 922 208 964 sit,
222 920 324 965 sequitur,
338 924 361 958 ut
374 921 438 958 etiarn
451 921 488 957 illa
503 920 584 958 auxilia
598 921 686 964 gratiae,
700 931 755 965 quae
770 920 867 958 eiusdem
882 931 914 957 or-

89 992 146 1030 dinis
161 996 216 1036 sunt,
232 993 307 1030 eodem
320 993 385 1030 modo
400 982 489 1029 naturae
503 994 546 1029 sint
559 993 664 1030 indebita.

141 1065 246 1115 Specialis
265 1065 288 1100 in
307 1065 348 1101 hac
366 1065 492 1108 quaestione
509 1068 543 1102 est
563 1065 669 1102 sententia
704 1065 915 1108 Augustinen-

88 1136 177 1174 sium.
200 1136 323 1174 Secundum
340 1147 376 1174 eos
392 1136 441 1173 finis
456 1137 545 1173 ultimus
559 1137 637 1174 unicus
654 1137 738 1173 homini
753 1137 866 1180 possibilis
883 1139 915 1173 est

88 1210 135 1252 ipsa
151 1209 206 1246 visio
222 1209 262 1245 Dei
276 1209 387 1253 intuitiva;
403 1209 440 1246 hic
455 1212 525 1246 autern
540 1208 590 1245 finis
606 1209 660 1246 adeo
675 1209 774 1246 sublimis
792 1212 829 1253 est,
845 1212 869 1246 ut
884 1210 915 1245 vi-

88 1281 148 1318 ribus
166 1281 300 1317 naturalibus
318 1281 414 1318 hominis
432 1281 509 1325 attingi
528 1284 626 1325 nequeat.
645 1281 702 1318 Deus
721 1284 791 1318 autem
810 1281 852 1318 sibi
871 1281 914 1325 ipsi

89 1353 157 1397 debet,
170 1356 193 1389 ut
205 1353 223 1389 si
237 1352 348 1390 hominem
363 1355 428 1395 creat,
442 1353 485 1396 ipsi
500 1364 584 1397 quoque
598 1353 725 1396 possibilem
740 1354 818 1390 reddat
831 1364 914 1390 assecu-

88 1425 169 1461 tionem
186 1424 235 1461 finis
253 1424 295 1469 sui;
312 1435 373 1462 secus
391 1425 449 1462 enim
464 1424 559 1461 humana
577 1428 654 1462 natura
671 1424 739 1468 magis
756 1425 836 1462 misera
853 1428 914 1468 esset,

87 1507 151 1540 quam
165 1499 262 1533 ereatura
276 1507 319 1533 non
334 1497 453 1541 rationalis,
466 1507 520 1541 quae
533 1497 631 1540 possidet
644 1497 701 1534 vires
714 1497 741 1534 ad
755 1497 914 1541 assequendum

88 1579 149 1605 suum
163 1567 238 1612 finem;
256 1569 318 1605 debet
334 1578 384 1611 ergo
400 1569 457 1605 Deus
473 1568 519 1605 sive
532 1568 594 1605 titulo
608 1569 760 1612 providentiae
775 1570 820 1606 sive
837 1580 862 1605 ex
880 1569 914 1606 de-

89 1640 159 1677 centia
175 1640 260 1678 homini
275 1640 355 1677 auxilia
372 1641 544 1683 supernaturalia
560 1641 617 1684 dare,
633 1640 713 1685 quihus
728 1641 756 1679 ad
772 1640 837 1678 finem
852 1652 915 1678 suum

88 1712 202 1754 pervenire
214 1712 283 1755 possit
291 1716 324 1749 12⁶.
337 1712 394 1749 Haec
408 1716 478 1750 autem
491 1713 598 1749 sententia
611 1713 745 1750 admittenda
758 1723 801 1749 non
816 1716 856 1758 est;
870 1723 915 1750 non

135 1896 164 1918 ‘125
178 1894 230 1925 Denz
243 1893 295 1931 1021,
307 1893 359 1931 1023,
372 1893 424 1931 1024,
438 1893 490 1925 1079.
742 1930 744 1932 ,

134 1957 162 1979 126
175 1953 223 1986 Vide
237 1956 314 1986 textum
328 1963 351 1985 ex
366 1953 419 1986 Berti
434 1953 523 1992 citatum,
539 1954 566 1985 De
581 1954 621 1985 Deo
637 1963 683 1991 uno,
698 1963 727 1985 nr.
743 1954 783 1986 159.
799 1953 912 1986 Praeterea:

88 2015 238 2046 «asserentes
250 2014 270 2045 in
281 2014 333 2045 Adae
344 2014 434 2052 posteris,
445 2014 479 2053 qui
490 2013 611 2052 adoptantur
621 2014 642 2045 in
653 2013 688 2045 Dei
700 2014 823 2052 filiationem,
835 2014 915 2046 restitui

88 2074 164 2106 meritis
181 2073 317 2112 Redemptoris
334 2074 365 2106 ius
382 2074 495 2112 proximum
514 2073 538 2106 ad
554 2073 684 2106 hereditatem
700 2074 804 2106 caelestem
821 2084 856 2112 per
872 2082 915 2113 gra-

87 2134 137 2166 tiam
149 2122 309 2172 sanctificantem,
321 2144 360 2173 qua
372 2135 392 2166 in
404 2134 526 2166 consortium
538 2134 617 2166 divinae
627 2136 710 2166 naturae
721 2135 786 2167 iustus
800 2136 915 2173 assumitur,

89 2197 107 2225 et
116 2195 148 2226 ius
157 2196 261 2232 remotum,
271 2204 310 2232 qua
320 2194 382 2233 pollet
392 2195 497 2227 rationalis
507 2197 597 2226 ereatura
608 2204 630 2226 eo
642 2196 684 2232 ipso
696 2195 748 2233 quod
760 2195 786 2226 sit
797 2195 832 2227 Dei
844 2195 914 2233 imago,

88 2258 107 2286 et
120 2255 177 2287 nullo
191 2255 320 2293 coinquinata
334 2257 418 2293 peceato.
433 2254 543 2294 Utrumque
558 2255 655 2287 enimius
668 2257 748 2293 propter
761 2255 915 2294 praevaricatio-

88 2323 132 2346 nem
144 2315 197 2347 Adae
209 2315 337 2353 perdidimus.
350 2315 405 2353 Ergo,
419 2315 519 2354 inquiunt,
533 2315 607 2354 gratiae
619 2315 700 2347 effectus
714 2318 743 2348 est
756 2316 787 2348 ius
801 2316 914 2354 proximum

89 2375 112 2406 ad
126 2375 256 2407 hereditatem
272 2375 313 2413 Dei,
330 2375 354 2407 ad
369 2384 428 2414 quam
444 2375 544 2413 pertinent
561 2375 599 2407 soli
615 2375 651 2407 filii
667 2376 817 2414 promissionis:
834 2377 867 2409 sed
883 2378 914 2409 ius

89 2437 186 2467 remotum
200 2436 297 2468 tundatur
310 2436 331 2467 in
345 2436 389 2474 ipsa
403 2435 516 2468 substantia
532 2436 615 2474 animae,
630 2445 680 2475 quae
694 2445 738 2468 eum
753 2437 779 2468 sit
793 2437 858 2475 imago
873 2437 914 2475 Dei,

88 2497 156 2534 nequit
169 2496 189 2527 in
201 2498 266 2528 creato
279 2495 347 2534 aliquo
357 2495 410 2528 bono
422 2496 520 2535 quiescere
528 2506 544 2528 >›.
555 2496 614 2535 Berti‚
626 2496 653 2528 De
666 2496 783 2535 theologicis
797 2497 914 2536 disciplinis,

88 2557 135 2587 toni⁴
151 2556 161 2588 2
178 2556 261 2593 (Romae
277 2556 330 2594 1739)
347 2556 387 2588 554.
402 2566 412 2587 ‹<
419 2556 447 2588 De
462 2556 526 2594 gratia
541 2559 607 2588 autem
623 2557 696 2589 actuali
713 2557 756 2590 dieo
773 2559 791 2589 et
807 2557 858 2590 hane
874 2568 914 2590 non

88 2615 150 2648 fuisse
164 2616 216 2648 Adae
231 2616 324 2654 debitam,
339 2618 436 2655 quatenus
450 2625 514 2655 neque
528 2616 707 2655 promereriillam
720 2618 785 2656 potuit
799 2619 914 2656 operatione

88 2675 156 2714 aliqua
166 2677 299 2715 praecedente,
312 2686 375 2716 neque
387 2676 477 2714 exigebat
490 2664 533 2709 eam
546 2676 623 2715 primus
636 2676 702 2716 homo,
715 2678 771 2710 utin
785 2688 805 2711 se
817 2678 917 2717 absolute,

88 2737 107 2766 et
123 2736 143 2767 in
159 2744 228 2775 genere
244 2737 315 2774 speciei
332 2746 379 2770 suae
393 2736 495 2775 praeditus
512 2740 563 2770 esset
577 2737 665 2770 naturali
681 2737 770 2777 qualibet
787 2738 913 2777 perfectione,
