<?xml version="1.0" encoding="UTF-8"?>
<!DOCTYPE html PUBLIC "-//W3C//DTD XHTML 1.0 Transitional//EN"
    "http://www.w3.org/TR/xhtml1/DTD/xhtml1-transitional.dtd">
<html xmlns="http://www.w3.org/1999/xhtml" xml:lang="en" lang="en">
 <head>
  <title>
</title>
<meta http-equiv="Content-Type" content="text/html;charset=utf-8" />
  <meta name='ocr-system' content='tesseract 3.04.00' />
  <meta name='ocr-capabilities' content='ocr_page ocr_carea ocr_par ocr_line ocrx_word'/>
</head>
<body>
  <div class='ocr_page' id='page_1' title='image "./MN41638ucmf_6_0043.png"; bbox 0 0 1952 3093; ppageno 0'>
   <div class='ocr_carea' id='block_1_1' title="bbox 383 27 492 65">
    <p class='ocr_par' dir='ltr' id='par_1_1' title="bbox 383 27 492 65">
     <span class='ocr_line' id='line_1_1' title="bbox 383 27 492 65; baseline 0 -10"><span class='ocrx_word' id='word_1_1' title='bbox 383 27 492 65; x_wconf 77' lang='grc'>-23-</span> 
     </span>
    </p>
   </div>
   <div class='ocr_carea' id='block_1_2' title="bbox 28 160 860 2097">
    <p class='ocr_par' dir='ltr' id='par_1_2' title="bbox 28 160 858 1372">
     <span class='ocr_line' id='line_1_2' title="bbox 29 160 856 209; baseline -0.013 -1"><span class='ocrx_word' id='word_1_2' title='bbox 29 169 160 209; x_wconf 79' lang='lat' dir='ltr'>crementum</span> <span class='ocrx_word' id='word_1_3' title='bbox 171 163 229 201; x_wconf 88' lang='lat' dir='ltr'>fidei.</span> <span class='ocrx_word' id='word_1_4' title='bbox 244 162 325 200; x_wconf 88' lang='lat' dir='ltr'>«Unde</span> <span class='ocrx_word' id='word_1_5' title='bbox 337 162 360 199; x_wconf 93' lang='lat' dir='ltr'>in</span> <span class='ocrx_word' id='word_1_6' title='bbox 374 161 434 198; x_wconf 92' lang='lat' dir='ltr'>omni</span> <span class='ocrx_word' id='word_1_7' title='bbox 448 171 513 205; x_wconf 91' lang='lat' dir='ltr'>opere</span> <span class='ocrx_word' id='word_1_8' title='bbox 526 160 585 198; x_wconf 91' lang='lat' dir='ltr'>hono</span> <span class='ocrx_word' id='word_1_9' title='bbox 599 163 619 198; x_wconf 88' lang='lat' dir='ltr'>et</span> <span class='ocrx_word' id='word_1_10' title='bbox 631 160 760 205; x_wconf 85' lang='lat' dir='ltr'>incipiendo</span> <span class='ocrx_word' id='word_1_11' title='bbox 775 163 796 199; x_wconf 92' lang='lat' dir='ltr'>et</span> <span class='ocrx_word' id='word_1_12' title='bbox 808 171 856 205; x_wconf 89' lang='lat' dir='ltr'>per-</span> 
     </span>
     <span class='ocr_line' id='line_1_3' title="bbox 28 232 856 280; baseline -0.011 0"><span class='ocrx_word' id='word_1_13' title='bbox 28 241 120 280; x_wconf 85' lang='lat' dir='ltr'>ficiendo</span> <span class='ocrx_word' id='word_1_14' title='bbox 134 235 262 275; x_wconf 89' lang='lat' dir='ltr'>sufficientia</span> <span class='ocrx_word' id='word_1_15' title='bbox 274 237 348 272; x_wconf 86' lang='lat' dir='ltr'>nostra</span> <span class='ocrx_word' id='word_1_16' title='bbox 359 246 386 271; x_wconf 86' lang='lat' dir='ltr'>ex</span> <span class='ocrx_word' id='word_1_17' title='bbox 398 234 443 271; x_wconf 92' lang='lat' dir='ltr'>Deo</span> <span class='ocrx_word' id='word_1_18' title='bbox 457 236 499 272; x_wconf 92' lang='lat' dir='ltr'>est:</span> <span class='ocrx_word' id='word_1_19' title='bbox 514 234 544 271; x_wconf 89' lang='lat' dir='ltr'>ita</span> <span class='ocrx_word' id='word_1_20' title='bbox 557 245 621 272; x_wconf 91' lang='lat' dir='ltr'>nemo</span> <span class='ocrx_word' id='word_1_21' title='bbox 633 233 676 271; x_wconf 92' lang='lat' dir='ltr'>sibi</span> <span class='ocrx_word' id='word_1_22' title='bbox 689 232 768 271; x_wconf 81' lang='lat' dir='ltr'>sufficit</span> <span class='ocrx_word' id='word_1_23' title='bbox 781 234 815 271; x_wconf 89' lang='lat' dir='ltr'>vel</span> <span class='ocrx_word' id='word_1_24' title='bbox 828 233 856 271; x_wconf 83' lang='lat' dir='ltr'>ad</span> 
     </span>
     <span class='ocr_line' id='line_1_4' title="bbox 29 306 857 357; baseline -0.011 -5"><span class='ocrx_word' id='word_1_25' title='bbox 29 311 177 357; x_wconf 79' lang='lat' dir='ltr'>incipiendam</span> <span class='ocrx_word' id='word_1_26' title='bbox 193 310 226 347; x_wconf 91' lang='lat' dir='ltr'>vel</span> <span class='ocrx_word' id='word_1_27' title='bbox 242 308 270 346; x_wconf 82' lang='lat' dir='ltr'>ad</span> <span class='ocrx_word' id='word_1_28' title='bbox 285 307 441 352; x_wconf 87' lang='lat' dir='ltr'>perficiendam</span> <span class='ocrx_word' id='word_1_29' title='bbox 455 306 526 351; x_wconf 86' lang='lat' dir='ltr'>fidem,</span> <span class='ocrx_word' id='word_1_30' title='bbox 543 307 581 345; x_wconf 90' lang='lat' dir='ltr'>sed</span> <span class='ocrx_word' id='word_1_31' title='bbox 595 306 724 344; x_wconf 87' lang='lat' dir='ltr'>sufficientia</span> <span class='ocrx_word' id='word_1_32' title='bbox 736 309 815 345; x_wconf 88' lang='lat' dir='ltr'>nostra</span> <span class='ocrx_word' id='word_1_33' title='bbox 831 317 857 344; x_wconf 86' lang='lat' dir='ltr'>ex</span> 
     </span>
     <span class='ocr_line' id='line_1_5' title="bbox 29 369 856 428; baseline -0.011 -3"><span class='ocrx_word' id='word_1_34' title='bbox 29 389 73 425; x_wconf 90' lang='lat' dir='ltr'>Deo</span> <span class='ocrx_word' id='word_1_35' title='bbox 89 388 130 422; x_wconf 89' lang='lat' dir='ltr'>est:</span> <span class='ocrx_word' id='word_1_36' title='bbox 148 382 251 428; x_wconf 85' lang='lat' dir='ltr'>quoniam</span> <span class='ocrx_word' id='word_1_37' title='bbox 264 380 318 418; x_wconf 88' lang='lat' dir='ltr'><strong>fides</strong></span> <span class='ocrx_word' id='word_1_38' title='bbox 334 381 352 418; x_wconf 92' lang='lat' dir='ltr'>si</span> <span class='ocrx_word' id='word_1_39' title='bbox 366 391 410 418; x_wconf 91' lang='lat' dir='ltr'>non</span> <span class='ocrx_word' id='word_1_40' title='bbox 427 369 538 424; x_wconf 80' lang='lat' dir='ltr'>cogitetur,</span> <span class='ocrx_word' id='word_1_41' title='bbox 554 380 614 418; x_wconf 85' lang='lat' dir='ltr'>nulla</span> <span class='ocrx_word' id='word_1_42' title='bbox 629 380 670 425; x_wconf 82' lang='lat' dir='ltr'>est;</span> <span class='ocrx_word' id='word_1_43' title='bbox 686 382 707 418; x_wconf 89' lang='lat' dir='ltr'>et</span> <span class='ocrx_word' id='word_1_44' title='bbox 722 390 766 417; x_wconf 89' lang='lat' dir='ltr'>non</span> <span class='ocrx_word' id='word_1_45' title='bbox 783 389 856 417; x_wconf 90' lang='lat' dir='ltr'>sumus</span> 
     </span>
     <span class='ocr_line' id='line_1_6' title="bbox 29 452 856 500; baseline -0.011 -3"><span class='ocrx_word' id='word_1_46' title='bbox 29 459 102 497; x_wconf 91' lang='lat' dir='ltr'>idonei</span> <span class='ocrx_word' id='word_1_47' title='bbox 117 456 212 500; x_wconf 80' lang='lat' dir='ltr'>cogitare</span> <span class='ocrx_word' id='word_1_48' title='bbox 227 454 310 498; x_wconf 83' lang='lat' dir='ltr'>aliquid</span> <span class='ocrx_word' id='word_1_49' title='bbox 322 454 384 499; x_wconf 85' lang='lat' dir='ltr'>quasi</span> <span class='ocrx_word' id='word_1_50' title='bbox 398 465 424 491; x_wconf 87' lang='lat' dir='ltr'>ex</span> <span class='ocrx_word' id='word_1_51' title='bbox 438 452 609 497; x_wconf 72' lang='lat' dir='ltr'>nobismetipsis</span> <span class='ocrx_word' id='word_1_52' title='bbox 624 453 663 490; x_wconf 91' lang='lat' dir='ltr'>sed</span> <span class='ocrx_word' id='word_1_53' title='bbox 677 452 807 490; x_wconf 80' lang='lat' dir='ltr'>sufficientia</span> <span class='ocrx_word' id='word_1_54' title='bbox 820 462 856 489; x_wconf 90' lang='lat' dir='ltr'>no-</span> 
     </span>
     <span class='ocr_line' id='line_1_7' title="bbox 30 525 857 581; baseline -0.011 -12"><span class='ocrx_word' id='word_1_55' title='bbox 30 536 72 570; x_wconf 83' lang='lat' dir='ltr'>stre</span> <span class='ocrx_word' id='word_1_56' title='bbox 86 542 111 568; x_wconf 86' lang='lat' dir='ltr'>ex</span> <span class='ocrx_word' id='word_1_57' title='bbox 123 530 168 567; x_wconf 91' lang='lat' dir='ltr'>Deo</span> <span class='ocrx_word' id='word_1_58' title='bbox 182 531 231 566; x_wconf 87' lang='lat' dir='ltr'>est»</span> <span class='ocrx_word' id='word_1_59' title='bbox 240 531 264 563; x_wconf 73' lang='lat'>³⁰.</span> <span class='ocrx_word' id='word_1_60' title='bbox 276 527 345 565; x_wconf 85' lang='lat' dir='ltr'>Antea</span> <span class='ocrx_word' id='word_1_61' title='bbox 358 526 453 570; x_wconf 90' lang='lat' dir='ltr'>seipsum</span> <span class='ocrx_word' id='word_1_62' title='bbox 467 526 529 564; x_wconf 90' lang='lat' dir='ltr'>aliter</span> <span class='ocrx_word' id='word_1_63' title='bbox 538 526 647 581; x_wconf 15' lang='lat' dir='ltr'>*cogitasse</span> <span class='ocrx_word' id='word_1_64' title='bbox 660 525 745 569; x_wconf 86' lang='lat' dir='ltr'>fatetur,</span> <span class='ocrx_word' id='word_1_65' title='bbox 759 525 798 563; x_wconf 92' lang='lat' dir='ltr'>sed</span> <span class='ocrx_word' id='word_1_66' title='bbox 811 535 857 562; x_wconf 89' lang='lat' dir='ltr'>ver-</span> 
     </span>
     <span class='ocr_line' id='line_1_8' title="bbox 29 598 857 643; baseline -0.008 -1"><span class='ocrx_word' id='word_1_67' title='bbox 29 605 63 643; x_wconf 87' lang='lat' dir='ltr'>bis</span> <span class='ocrx_word' id='word_1_68' title='bbox 76 615 92 641; x_wconf 92' lang='lat' dir='ltr'>s.</span> <span class='ocrx_word' id='word_1_69' title='bbox 104 601 165 640; x_wconf 85' lang='lat' dir='ltr'>Pauli</span> <span class='ocrx_word' id='word_1_70' title='bbox 178 601 188 638; x_wconf 93' lang='lat'>1</span> <span class='ocrx_word' id='word_1_71' title='bbox 202 599 244 639; x_wconf 89' lang='lat' dir='ltr'>Cor</span> <span class='ocrx_word' id='word_1_72' title='bbox 256 600 275 643; x_wconf 66' lang='grc'>41,</span> <span class='ocrx_word' id='word_1_73' title='bbox 289 601 300 637; x_wconf 90' lang='lat'><strong>7</strong></span> <span class='ocrx_word' id='word_1_74' title='bbox 313 612 335 638; x_wconf 92' lang='lat' dir='ltr'>se</span> <span class='ocrx_word' id='word_1_75' title='bbox 349 599 473 637; x_wconf 88' lang='lat' dir='ltr'>convictum</span> <span class='ocrx_word' id='word_1_76' title='bbox 487 610 539 637; x_wconf 91' lang='lat' dir='ltr'>esse.</span> <span class='ocrx_word' id='word_1_77' title='bbox 554 599 619 643; x_wconf 70' lang='lat' dir='ltr'>«Quo</span> <span class='ocrx_word' id='word_1_78' title='bbox 631 598 749 643; x_wconf 84' lang='lat' dir='ltr'>praecipue</span> <span class='ocrx_word' id='word_1_79' title='bbox 762 598 857 636; x_wconf 82' lang='lat' dir='ltr'>testimo·</span> 
     </span>
     <span class='ocr_line' id='line_1_9' title="bbox 30 660 857 717; baseline -0.008 -3"><span class='ocrx_word' id='word_1_80' title='bbox 30 678 66 714; x_wconf 93' lang='lat' dir='ltr'>nio</span> <span class='ocrx_word' id='word_1_81' title='bbox 80 676 143 714; x_wconf 89' lang='lat' dir='ltr'>etiam</span> <span class='ocrx_word' id='word_1_82' title='bbox 156 674 203 717; x_wconf 89' lang='lat' dir='ltr'>ipse</span> <span class='ocrx_word' id='word_1_83' title='bbox 217 673 330 711; x_wconf 86' lang='lat' dir='ltr'>convictus</span> <span class='ocrx_word' id='word_1_84' title='bbox 343 684 396 715; x_wconf 87' lang='lat' dir='ltr'>sum,</span> <span class='ocrx_word' id='word_1_85' title='bbox 409 684 458 710; x_wconf 88' lang='lat' dir='ltr'>cum</span> <span class='ocrx_word' id='word_1_86' title='bbox 472 672 573 709; x_wconf 91' lang='lat' dir='ltr'>similiter</span> <span class='ocrx_word' id='word_1_87' title='bbox 585 682 686 715; x_wconf 88' lang='lat' dir='ltr'>errarem,</span> <span class='ocrx_word' id='word_1_88' title='bbox 700 673 779 715; x_wconf 84' lang='lat' dir='ltr'>putans</span> <span class='ocrx_word' id='word_1_89' title='bbox 791 660 857 708; x_wconf 88' lang='lat' dir='ltr'>fidem</span> 
     </span>
     <span class='ocr_line' id='line_1_10' title="bbox 31 743 857 794; baseline -0.006 -9"><span class='ocrx_word' id='word_1_90' title='bbox 31 761 71 794; x_wconf 84' lang='lat' dir='ltr'>qua</span> <span class='ocrx_word' id='word_1_91' title='bbox 90 749 112 785; x_wconf 91' lang='lat' dir='ltr'>in</span> <span class='ocrx_word' id='word_1_92' title='bbox 130 748 198 784; x_wconf 92' lang='lat' dir='ltr'>Deum</span> <span class='ocrx_word' id='word_1_93' title='bbox 217 746 332 790; x_wconf 88' lang='lat' dir='ltr'>credimus,</span> <span class='ocrx_word' id='word_1_94' title='bbox 350 756 393 782; x_wconf 91' lang='lat' dir='ltr'>non</span> <span class='ocrx_word' id='word_1_95' title='bbox 412 757 457 782; x_wconf 86' lang='lat' dir='ltr'>esse</span> <span class='ocrx_word' id='word_1_96' title='bbox 478 745 558 782; x_wconf 90' lang='lat' dir='ltr'>donum</span> <span class='ocrx_word' id='word_1_97' title='bbox 576 744 623 788; x_wconf 92' lang='lat' dir='ltr'>Dei,</span> <span class='ocrx_word' id='word_1_98' title='bbox 642 744 680 781; x_wconf 89' lang='lat' dir='ltr'>sed</span> <span class='ocrx_word' id='word_1_99' title='bbox 695 755 709 781; x_wconf 87' lang='lat' dir='ltr'>-a</span> <span class='ocrx_word' id='word_1_100' title='bbox 728 743 792 781; x_wconf 94' lang='lat' dir='ltr'>nobis</span> <span class='ocrx_word' id='word_1_101' title='bbox 811 754 857 782; x_wconf 89' lang='lat' dir='ltr'>esse</span> 
     </span>
     <span class='ocr_line' id='line_1_11' title="bbox 31 817 858 863; baseline -0.008 -4"><span class='ocrx_word' id='word_1_102' title='bbox 31 821 135 863; x_wconf 80' lang='lat' dir='ltr'>iunonis,</span> <span class='ocrx_word' id='word_1_103' title='bbox 150 823 171 857; x_wconf 86' lang='lat' dir='ltr'>et</span> <span class='ocrx_word' id='word_1_104' title='bbox 183 831 223 863; x_wconf 90' lang='lat' dir='ltr'>per</span> <span class='ocrx_word' id='word_1_105' title='bbox 236 819 296 856; x_wconf 88' lang='lat' dir='ltr'>illam</span> <span class='ocrx_word' id='word_1_106' title='bbox 311 830 350 856; x_wconf 89' lang='lat' dir='ltr'>nos</span> <span class='ocrx_word' id='word_1_107' title='bbox 365 818 478 861; x_wconf 90' lang='lat' dir='ltr'>impetrari</span> <span class='ocrx_word' id='word_1_108' title='bbox 492 818 532 854; x_wconf 92' lang='lat' dir='ltr'>Dei</span> <span class='ocrx_word' id='word_1_109' title='bbox 548 818 605 855; x_wconf 89' lang='lat' dir='ltr'>dona</span> <span class='ocrx_word' id='word_1_110' title='bbox 618 817 696 862; x_wconf 86' lang='lat' dir='ltr'>quibus</span> <span class='ocrx_word' id='word_1_111' title='bbox 711 818 858 860; x_wconf 84' lang='lat' dir='ltr'>temperanter</span> 
     </span>
     <span class='ocr_line' id='line_1_12' title="bbox 31 886 857 940; baseline -0.008 -8"><span class='ocrx_word' id='word_1_112' title='bbox 31 899 50 932; x_wconf 83' lang='lat' dir='ltr'>et</span> <span class='ocrx_word' id='word_1_113' title='bbox 63 895 118 931; x_wconf 91' lang='lat' dir='ltr'>iuste</span> <span class='ocrx_word' id='word_1_114' title='bbox 132 895 152 929; x_wconf 90' lang='lat' dir='ltr'>et</span> <span class='ocrx_word' id='word_1_115' title='bbox 164 893 200 935; x_wconf 89' lang='lat' dir='ltr'>pie</span> <span class='ocrx_word' id='word_1_116' title='bbox 213 893 311 928; x_wconf 85' lang='lat' dir='ltr'>vivamus</span> <span class='ocrx_word' id='word_1_117' title='bbox 324 892 347 928; x_wconf 91' lang='lat' dir='ltr'>in</span> <span class='ocrx_word' id='word_1_118' title='bbox 359 891 401 928; x_wconf 91' lang='lat' dir='ltr'>hoc</span> <span class='ocrx_word' id='word_1_119' title='bbox 415 891 507 929; x_wconf 90' lang='lat' dir='ltr'>saeculo.</span> <span class='ocrx_word' id='word_1_120' title='bbox 520 890 594 940; x_wconf 86' lang='lat' dir='ltr'>Neque</span> <span class='ocrx_word' id='word_1_121' title='bbox 608 890 666 927; x_wconf 90' lang='lat' dir='ltr'>enim</span> <span class='ocrx_word' id='word_1_122' title='bbox 677 889 745 926; x_wconf 86' lang='lat' dir='ltr'>fidem</span> <span class='ocrx_word' id='word_1_123' title='bbox 754 886 857 932; x_wconf 86' lang='lat' dir='ltr'>putabam</span> 
     </span>
     <span class='ocr_line' id='line_1_13' title="bbox 31 962 858 1010; baseline -0.006 -7"><span class='ocrx_word' id='word_1_124' title='bbox 31 967 69 1004; x_wconf 89' lang='lat' dir='ltr'>Dei</span> <span class='ocrx_word' id='word_1_125' title='bbox 83 965 151 1010; x_wconf 83' lang='lat' dir='ltr'>gratia</span> <span class='ocrx_word' id='word_1_126' title='bbox 164 964 294 1009; x_wconf 88' lang='lat' dir='ltr'>praeveniri,</span> <span class='ocrx_word' id='word_1_127' title='bbox 308 968 331 1001; x_wconf 84' lang='lat' dir='ltr'>ut</span> <span class='ocrx_word' id='word_1_128' title='bbox 344 964 454 1008; x_wconf 79' lang='lat' dir='ltr'>perillam</span> <span class='ocrx_word' id='word_1_129' title='bbox 468 962 531 1000; x_wconf 91' lang='lat' dir='ltr'>nobis</span> <span class='ocrx_word' id='word_1_130' title='bbox 546 964 633 1000; x_wconf 88' lang='lat' dir='ltr'>daretur</span> <span class='ocrx_word' id='word_1_131' title='bbox 646 963 705 1007; x_wconf 85' lang='lat' dir='ltr'>quod</span> <span class='ocrx_word' id='word_1_132' title='bbox 718 972 858 1005; x_wconf 87' lang='lat' dir='ltr'>posceremus</span> 
     </span>
     <span class='ocr_line' id='line_1_14' title="bbox 31 1034 858 1083; baseline -0.007 -7"><span class='ocrx_word' id='word_1_133' title='bbox 31 1039 121 1083; x_wconf 63' lang='lat' dir='ltr'>militem</span> <span class='ocrx_word' id='word_1_134' title='bbox 136 1037 180 1074; x_wconf 92' lang='lat' dir='ltr'>nisi</span> <span class='ocrx_word' id='word_1_135' title='bbox 193 1037 244 1081; x_wconf 84' lang='lat' dir='ltr'>quia</span> <span class='ocrx_word' id='word_1_136' title='bbox 258 1037 347 1074; x_wconf 90' lang='lat' dir='ltr'>eredere</span> <span class='ocrx_word' id='word_1_137' title='bbox 360 1047 404 1073; x_wconf 90' lang='lat' dir='ltr'>non</span> <span class='ocrx_word' id='word_1_138' title='bbox 417 1047 536 1080; x_wconf 88' lang='lat' dir='ltr'>possemus,</span> <span class='ocrx_word' id='word_1_139' title='bbox 550 1036 568 1072; x_wconf 89' lang='lat' dir='ltr'>si</span> <span class='ocrx_word' id='word_1_140' title='bbox 583 1045 627 1072; x_wconf 90' lang='lat' dir='ltr'>non</span> <span class='ocrx_word' id='word_1_141' title='bbox 642 1034 783 1078; x_wconf 88' lang='lat' dir='ltr'>praecederet</span> <span class='ocrx_word' id='word_1_142' title='bbox 797 1044 858 1078; x_wconf 84' lang='lat' dir='ltr'>prae-</span> 
     </span>
     <span class='ocr_line' id='line_1_15' title="bbox 29 1100 854 1152; baseline -0.006 -4"><span class='ocrx_word' id='word_1_143' title='bbox 29 1100 116 1149; x_wconf 89' lang='lat' dir='ltr'>conium</span> <span class='ocrx_word' id='word_1_144' title='bbox 129 1109 237 1147; x_wconf 85' lang='lat' dir='ltr'>veritatis:</span> <span class='ocrx_word' id='word_1_145' title='bbox 253 1112 277 1146; x_wconf 92' lang='lat' dir='ltr'>ut</span> <span class='ocrx_word' id='word_1_146' title='bbox 290 1112 360 1146; x_wconf 85' lang='lat' dir='ltr'>autem</span> <span class='ocrx_word' id='word_1_147' title='bbox 374 1108 500 1152; x_wconf 87' lang='lat' dir='ltr'>praedicato</span> <span class='ocrx_word' id='word_1_148' title='bbox 514 1107 578 1145; x_wconf 89' lang='lat' dir='ltr'>nobis</span> <span class='ocrx_word' id='word_1_149' title='bbox 591 1107 709 1151; x_wconf 79' lang='lat' dir='ltr'>Evangelio</span> <span class='ocrx_word' id='word_1_150' title='bbox 722 1106 854 1144; x_wconf 89' lang='lat' dir='ltr'>consentire·</span> 
     </span>
     <span class='ocr_line' id='line_1_16' title="bbox 32 1179 858 1227; baseline -0.007 -7"><span class='ocrx_word' id='word_1_151' title='bbox 32 1195 84 1227; x_wconf 90' lang='lat' dir='ltr'>mus,</span> <span class='ocrx_word' id='word_1_152' title='bbox 97 1185 195 1220; x_wconf 83' lang='lat' dir='ltr'>nostrum</span> <span class='ocrx_word' id='word_1_153' title='bbox 208 1194 253 1219; x_wconf 90' lang='lat' dir='ltr'>esse</span> <span class='ocrx_word' id='word_1_154' title='bbox 266 1182 387 1226; x_wconf 90' lang='lat' dir='ltr'>proprium,</span> <span class='ocrx_word' id='word_1_155' title='bbox 399 1185 419 1219; x_wconf 88' lang='lat' dir='ltr'>et</span> <span class='ocrx_word' id='word_1_156' title='bbox 432 1181 495 1219; x_wconf 92' lang='lat' dir='ltr'>nohis</span> <span class='ocrx_word' id='word_1_157' title='bbox 509 1192 534 1219; x_wconf 83' lang='lat' dir='ltr'>ex</span> <span class='ocrx_word' id='word_1_158' title='bbox 546 1179 610 1218; x_wconf 89' lang='lat' dir='ltr'>nobis</span> <span class='ocrx_word' id='word_1_159' title='bbox 624 1191 670 1218; x_wconf 89' lang='lat' dir='ltr'>esse</span> <span class='ocrx_word' id='word_1_160' title='bbox 684 1179 806 1218; x_wconf 84' lang='lat' dir='ltr'>arbitrabar</span> <span class='ocrx_word' id='word_1_161' title='bbox 814 1191 825 1215; x_wconf 89' lang='lat'>»</span> <span class='ocrx_word' id='word_1_162' title='bbox 833 1182 858 1215; x_wconf 79' lang='lat'>⁸1.</span> 
     </span>
     <span class='ocr_line' id='line_1_17' title="bbox 32 1251 858 1296; baseline -0.006 -4"><span class='ocrx_word' id='word_1_163' title='bbox 32 1257 56 1292; x_wconf 93' lang='lat' dir='ltr'>ln</span> <span class='ocrx_word' id='word_1_164' title='bbox 75 1256 142 1293; x_wconf 83' lang='lat' dir='ltr'>altero</span> <span class='ocrx_word' id='word_1_165' title='bbox 160 1255 217 1292; x_wconf 90' lang='lat' dir='ltr'>libro</span> <span class='ocrx_word' id='word_1_166' title='bbox 235 1255 280 1292; x_wconf 86' lang='lat' dir='ltr'>vult</span> <span class='ocrx_word' id='word_1_167' title='bbox 298 1254 412 1292; x_wconf 88' lang='lat' dir='ltr'>ostendere</span> <span class='ocrx_word' id='word_1_168' title='bbox 431 1254 531 1292; x_wconf 88' lang='lat' dir='ltr'>«donum</span> <span class='ocrx_word' id='word_1_169' title='bbox 549 1253 590 1290; x_wconf 93' lang='lat' dir='ltr'>Dei</span> <span class='ocrx_word' id='word_1_170' title='bbox 608 1263 654 1290; x_wconf 92' lang='lat' dir='ltr'>esse</span> <span class='ocrx_word' id='word_1_171' title='bbox 673 1251 858 1296; x_wconf 84' lang='lat' dir='ltr'>perseverantiam</span> 
     </span>
     <span class='ocr_line' id='line_1_18' title="bbox 32 1325 629 1372; baseline -0.002 -8"><span class='ocrx_word' id='word_1_172' title='bbox 32 1339 72 1372; x_wconf 86' lang='lat' dir='ltr'>qua</span> <span class='ocrx_word' id='word_1_173' title='bbox 87 1339 154 1372; x_wconf 80' lang='lat' dir='ltr'>usque</span> <span class='ocrx_word' id='word_1_174' title='bbox 169 1328 192 1364; x_wconf 89' lang='lat' dir='ltr'>in</span> <span class='ocrx_word' id='word_1_175' title='bbox 207 1327 271 1365; x_wconf 91' lang='lat' dir='ltr'>finem</span> <span class='ocrx_word' id='word_1_176' title='bbox 286 1329 438 1371; x_wconf 85' lang='lat' dir='ltr'>perseveratur</span> <span class='ocrx_word' id='word_1_177' title='bbox 451 1327 474 1363; x_wconf 92' lang='lat' dir='ltr'>in</span> <span class='ocrx_word' id='word_1_178' title='bbox 491 1325 576 1364; x_wconf 86' lang='lat' dir='ltr'>Christo</span> <span class='ocrx_word' id='word_1_179' title='bbox 585 1337 595 1362; x_wconf 80' lang='grc'>&gt;&gt;</span> <span class='ocrx_word' id='word_1_180' title='bbox 604 1328 629 1363; x_wconf 79' lang='lat'>⁸².</span> 
     </span>
    </p>

    <p class='ocr_par' dir='ltr' id='par_1_3' title="bbox 32 1400 860 2097">
     <span class='ocr_line' id='line_1_19' title="bbox 82 1400 859 1445; baseline 0.003 -8"><span class='ocrx_word' id='word_1_181' title='bbox 82 1401 131 1438; x_wconf 85' lang='lat' dir='ltr'>Posi</span> <span class='ocrx_word' id='word_1_182' title='bbox 147 1403 239 1438; x_wconf 88' lang='lat' dir='ltr'>mortem</span> <span class='ocrx_word' id='word_1_183' title='bbox 256 1411 272 1438; x_wconf 91' lang='lat' dir='ltr'>s.</span> <span class='ocrx_word' id='word_1_184' title='bbox 287 1400 400 1445; x_wconf 80' lang='lat' dir='ltr'>Augustini</span> <span class='ocrx_word' id='word_1_185' title='bbox 420 1401 475 1443; x_wconf 69' lang='lat'>(430.)</span> <span class='ocrx_word' id='word_1_186' title='bbox 493 1412 509 1438; x_wconf 92' lang='lat' dir='ltr'>s.</span> <span class='ocrx_word' id='word_1_187' title='bbox 525 1400 659 1444; x_wconf 86' lang='lat' dir='ltr'>Prosper</span> <span class='ocrx_word' id='word_1_188' title='bbox 680 1402 704 1438; x_wconf 92' lang='lat' dir='ltr'>in</span> <span class='ocrx_word' id='word_1_189' title='bbox 721 1401 859 1440; x_wconf 83' lang='lat' dir='ltr'>defendenda</span> 
     </span>
     <span class='ocr_line' id='line_1_20' title="bbox 34 1471 859 1518; baseline 0.002 -9"><span class='ocrx_word' id='word_1_190' title='bbox 34 1473 78 1510; x_wconf 87' lang='lat' dir='ltr'>eius</span> <span class='ocrx_word' id='word_1_191' title='bbox 94 1471 193 1511; x_wconf 86' lang='lat' dir='ltr'>&#39;doctrina</span> <span class='ocrx_word' id='word_1_192' title='bbox 207 1472 284 1517; x_wconf 85' lang='lat' dir='ltr'>pergit.</span> <span class='ocrx_word' id='word_1_193' title='bbox 299 1472 431 1511; x_wconf 87' lang='lat' dir='ltr'>Caelestinus</span> <span class='ocrx_word' id='word_1_194' title='bbox 445 1484 502 1517; x_wconf 89' lang='lat' dir='ltr'>papa</span> <span class='ocrx_word' id='word_1_195' title='bbox 518 1473 544 1510; x_wconf 89' lang='lat' dir='ltr'>ab</span> <span class='ocrx_word' id='word_1_196' title='bbox 561 1485 585 1511; x_wconf 88' lang='lat' dir='ltr'>eo</span> <span class='ocrx_word' id='word_1_197' title='bbox 601 1476 687 1518; x_wconf 77' lang='lat' dir='ltr'>rogatus</span> <span class='ocrx_word' id='word_1_198' title='bbox 703 1473 762 1511; x_wconf 89' lang='lat' dir='ltr'>circa</span> <span class='ocrx_word' id='word_1_199' title='bbox 778 1485 859 1512; x_wconf 90' lang='lat' dir='ltr'>annum</span> 
     </span>
     <span class='ocr_line' id='line_1_21' title="bbox 33 1544 859 1591; baseline 0.002 -10"><span class='ocrx_word' id='word_1_200' title='bbox 33 1545 69 1582; x_wconf 66' lang='lat'>2131</span> <span class='ocrx_word' id='word_1_201' title='bbox 87 1546 201 1589; x_wconf 85' lang='lat' dir='ltr'>epistulam</span> <span class='ocrx_word' id='word_1_202' title='bbox 219 1544 358 1589; x_wconf 69' lang='lat' dir='ltr'>«Apostolici</span> <span class='ocrx_word' id='word_1_203' title='bbox 375 1546 440 1583; x_wconf 83' lang='lat' dir='ltr'>verba</span> <span class='ocrx_word' id='word_1_204' title='bbox 458 1545 588 1590; x_wconf 86' lang='lat' dir='ltr'>praecepti»</span> <span class='ocrx_word' id='word_1_205' title='bbox 597 1549 615 1571; x_wconf 77' lang='lat'>⁸³</span> <span class='ocrx_word' id='word_1_206' title='bbox 634 1545 661 1584; x_wconf 89' lang='lat' dir='ltr'>ad</span> <span class='ocrx_word' id='word_1_207' title='bbox 679 1546 794 1591; x_wconf 88' lang='lat' dir='ltr'>episcopos</span> <span class='ocrx_word' id='word_1_208' title='bbox 813 1545 859 1586; x_wconf 89' lang='lat' dir='ltr'>Gal-</span> 
     </span>
     <span class='ocr_line' id='line_1_22' title="bbox 32 1617 859 1662; baseline 0.005 -10"><span class='ocrx_word' id='word_1_209' title='bbox 32 1617 73 1654; x_wconf 89' lang='lat' dir='ltr'>liae</span> <span class='ocrx_word' id='word_1_210' title='bbox 88 1617 154 1660; x_wconf 84' lang='lat' dir='ltr'>misit,</span> <span class='ocrx_word' id='word_1_211' title='bbox 169 1629 211 1662; x_wconf 87' lang='lat' dir='ltr'>qua</span> <span class='ocrx_word' id='word_1_212' title='bbox 225 1618 341 1661; x_wconf 80' lang='lat' dir='ltr'>Augustini</span> <span class='ocrx_word' id='word_1_213' title='bbox 356 1619 484 1656; x_wconf 85' lang='lat' dir='ltr'>memoriam</span> <span class='ocrx_word' id='word_1_214' title='bbox 500 1621 578 1656; x_wconf 86' lang='lat' dir='ltr'>tuetur.</span> <span class='ocrx_word' id='word_1_215' title='bbox 593 1630 604 1653; x_wconf 85' lang='lat'>«</span> <span class='ocrx_word' id='word_1_216' title='bbox 613 1617 755 1662; x_wconf 84' lang='lat' dir='ltr'>Augustinum</span> <span class='ocrx_word' id='word_1_217' title='bbox 772 1621 859 1657; x_wconf 86' lang='lat' dir='ltr'>sanctae</span> 
     </span>
     <span class='ocr_line' id='line_1_23' title="bbox 34 1690 859 1735; baseline 0.005 -11"><span class='ocrx_word' id='word_1_218' title='bbox 34 1690 191 1727; x_wconf 85' lang='lat' dir='ltr'>recordationis</span> <span class='ocrx_word' id='word_1_219' title='bbox 205 1691 282 1732; x_wconf 87' lang='lat' dir='ltr'>virum,</span> <span class='ocrx_word' id='word_1_220' title='bbox 297 1701 337 1734; x_wconf 88' lang='lat' dir='ltr'>pro</span> <span class='ocrx_word' id='word_1_221' title='bbox 351 1690 395 1728; x_wconf 92' lang='lat' dir='ltr'>vita</span> <span class='ocrx_word' id='word_1_222' title='bbox 409 1702 447 1729; x_wconf 83' lang='lat' dir='ltr'>sua</span> <span class='ocrx_word' id='word_1_223' title='bbox 462 1693 524 1735; x_wconf 85' lang='lat' dir='ltr'>atque</span> <span class='ocrx_word' id='word_1_224' title='bbox 538 1690 628 1735; x_wconf 89' lang='lat' dir='ltr'>meritis,</span> <span class='ocrx_word' id='word_1_225' title='bbox 641 1691 664 1728; x_wconf 93' lang='lat' dir='ltr'>in</span> <span class='ocrx_word' id='word_1_226' title='bbox 678 1694 752 1729; x_wconf 86' lang='lat' dir='ltr'>nostra</span> <span class='ocrx_word' id='word_1_227' title='bbox 765 1702 859 1729; x_wconf 90' lang='lat' dir='ltr'>eommu-</span> 
     </span>
     <span class='ocr_line' id='line_1_24' title="bbox 34 1761 859 1808; baseline 0.005 -12"><span class='ocrx_word' id='word_1_228' title='bbox 34 1761 97 1799; x_wconf 90' lang='lat' dir='ltr'>uione</span> <span class='ocrx_word' id='word_1_229' title='bbox 115 1774 200 1806; x_wconf 87' lang='lat' dir='ltr'>semper</span> <span class='ocrx_word' id='word_1_230' title='bbox 216 1762 337 1807; x_wconf 86' lang='lat' dir='ltr'>habuimus,</span> <span class='ocrx_word' id='word_1_231' title='bbox 355 1774 395 1806; x_wconf 85' lang='lat' dir='ltr'>nec</span> <span class='ocrx_word' id='word_1_232' title='bbox 412 1774 514 1808; x_wconf 89' lang='lat' dir='ltr'>umquam</span> <span class='ocrx_word' id='word_1_233' title='bbox 532 1763 590 1801; x_wconf 90' lang='lat' dir='ltr'>buno</span> <span class='ocrx_word' id='word_1_234' title='bbox 607 1763 708 1801; x_wconf 88' lang='lat' dir='ltr'>sinistrae</span> <span class='ocrx_word' id='word_1_235' title='bbox 726 1763 859 1807; x_wconf 85' lang='lat' dir='ltr'>suspicionis</span> 
     </span>
     <span class='ocr_line' id='line_1_25' title="bbox 34 1835 859 1881; baseline 0.002 -10"><span class='ocrx_word' id='word_1_236' title='bbox 34 1835 107 1872; x_wconf 83' lang='lat' dir='ltr'>saltem</span> <span class='ocrx_word' id='word_1_237' title='bbox 124 1846 198 1873; x_wconf 88' lang='lat' dir='ltr'>rumor</span> <span class='ocrx_word' id='word_1_238' title='bbox 216 1836 318 1880; x_wconf 87' lang='lat' dir='ltr'>aspersit:</span> <span class='ocrx_word' id='word_1_239' title='bbox 337 1847 401 1881; x_wconf 87' lang='lat' dir='ltr'>quem</span> <span class='ocrx_word' id='word_1_240' title='bbox 419 1839 490 1873; x_wconf 87' lang='lat' dir='ltr'>tantae</span> <span class='ocrx_word' id='word_1_241' title='bbox 509 1835 612 1873; x_wconf 88' lang='lat' dir='ltr'>scientiae</span> <span class='ocrx_word' id='word_1_242' title='bbox 631 1835 683 1873; x_wconf 90' lang='lat' dir='ltr'>olim</span> <span class='ocrx_word' id='word_1_243' title='bbox 701 1836 769 1874; x_wconf 86' lang='lat' dir='ltr'>luisse</span> <span class='ocrx_word' id='word_1_244' title='bbox 786 1837 859 1874; x_wconf 89' lang='lat' dir='ltr'>merni-</span> 
     </span>
     <span class='ocr_line' id='line_1_26' title="bbox 34 1906 860 1953; baseline 0.006 -12"><span class='ocrx_word' id='word_1_245' title='bbox 34 1906 111 1951; x_wconf 90' lang='lat' dir='ltr'>uimus,</span> <span class='ocrx_word' id='word_1_246' title='bbox 124 1911 147 1945; x_wconf 91' lang='lat' dir='ltr'>ut</span> <span class='ocrx_word' id='word_1_247' title='bbox 159 1908 217 1945; x_wconf 89' lang='lat' dir='ltr'>inter</span> <span class='ocrx_word' id='word_1_248' title='bbox 229 1909 343 1952; x_wconf 81' lang='lat' dir='ltr'>magistros</span> <span class='ocrx_word' id='word_1_249' title='bbox 358 1908 452 1952; x_wconf 92' lang='lat' dir='ltr'>optimos</span> <span class='ocrx_word' id='word_1_250' title='bbox 467 1908 531 1946; x_wconf 89' lang='lat' dir='ltr'>etiam</span> <span class='ocrx_word' id='word_1_251' title='bbox 546 1920 557 1945; x_wconf 89' lang='lat' dir='ltr'>a</span> <span class='ocrx_word' id='word_1_252' title='bbox 572 1909 626 1946; x_wconf 92' lang='lat' dir='ltr'>meis</span> <span class='ocrx_word' id='word_1_253' title='bbox 641 1920 727 1953; x_wconf 92' lang='lat' dir='ltr'>semper</span> <span class='ocrx_word' id='word_1_254' title='bbox 742 1909 860 1946; x_wconf 90' lang='lat' dir='ltr'>decessori·</span> 
     </span>
     <span class='ocr_line' id='line_1_27' title="bbox 34 1978 860 2025; baseline 0.004 -10"><span class='ocrx_word' id='word_1_255' title='bbox 34 1978 72 2016; x_wconf 92' lang='lat' dir='ltr'>bus</span> <span class='ocrx_word' id='word_1_256' title='bbox 86 1980 208 2018; x_wconf 89' lang='lat' dir='ltr'>haberetur.</span> <span class='ocrx_word' id='word_1_257' title='bbox 221 1981 278 2018; x_wconf 87' lang='lat' dir='ltr'>Bene</span> <span class='ocrx_word' id='word_1_258' title='bbox 293 1991 343 2025; x_wconf 85' lang='lat' dir='ltr'>ergo</span> <span class='ocrx_word' id='word_1_259' title='bbox 359 1981 385 2018; x_wconf 95' lang='lat' dir='ltr'>de</span> <span class='ocrx_word' id='word_1_260' title='bbox 400 1993 424 2019; x_wconf 91' lang='lat' dir='ltr'>eo</span> <span class='ocrx_word' id='word_1_261' title='bbox 439 1991 514 2019; x_wconf 90' lang='lat' dir='ltr'>omnes</span> <span class='ocrx_word' id='word_1_262' title='bbox 528 1982 551 2018; x_wconf 96' lang='lat' dir='ltr'>in</span> <span class='ocrx_word' id='word_1_263' title='bbox 565 1991 679 2019; x_wconf 90' lang='lat' dir='ltr'>commune</span> <span class='ocrx_word' id='word_1_264' title='bbox 694 1984 814 2025; x_wconf 89' lang='lat' dir='ltr'>senserunt,</span> <span class='ocrx_word' id='word_1_265' title='bbox 828 1984 860 2018; x_wconf 92' lang='lat' dir='ltr'>ut-</span> 
     </span>
     <span class='ocr_line' id='line_1_28' title="bbox 34 2052 709 2097; baseline 0.003 -9"><span class='ocrx_word' id='word_1_266' title='bbox 34 2054 83 2093; x_wconf 83' lang='lat' dir='ltr'>pote</span> <span class='ocrx_word' id='word_1_267' title='bbox 97 2053 133 2097; x_wconf 85' lang='lat' dir='ltr'>qui</span> <span class='ocrx_word' id='word_1_268' title='bbox 148 2052 227 2097; x_wconf 86' lang='lat' dir='ltr'>ubique</span> <span class='ocrx_word' id='word_1_269' title='bbox 241 2054 325 2090; x_wconf 87' lang='lat' dir='ltr'>cunctis</span> <span class='ocrx_word' id='word_1_270' title='bbox 340 2057 360 2091; x_wconf 90' lang='lat' dir='ltr'>et</span> <span class='ocrx_word' id='word_1_271' title='bbox 373 2054 442 2090; x_wconf 85' lang='lat' dir='ltr'>amori</span> <span class='ocrx_word' id='word_1_272' title='bbox 457 2053 528 2097; x_wconf 84' lang='lat' dir='ltr'>fuerit,</span> <span class='ocrx_word' id='word_1_273' title='bbox 543 2057 564 2091; x_wconf 90' lang='lat' dir='ltr'>et</span> <span class='ocrx_word' id='word_1_274' title='bbox 577 2053 657 2091; x_wconf 90' lang='lat' dir='ltr'>honori</span> <span class='ocrx_word' id='word_1_275' title='bbox 666 2066 676 2090; x_wconf 92' lang='lat'>»</span> <span class='ocrx_word' id='word_1_276' title='bbox 685 2057 709 2091; x_wconf 75' lang='lat'>⁸4.</span> 
     </span>
    </p>
   </div>
   <div class='ocr_carea' id='block_1_3' title="bbox 87 2137 861 2185">
    <p class='ocr_par' dir='ltr' id='par_1_4' title="bbox 87 2137 861 2185">
     <span class='ocr_line' id='line_1_29' title="bbox 87 2137 861 2185; baseline 0.005 -13"><span class='ocrx_word' id='word_1_277' title='bbox 87 2137 135 2180; x_wconf 90' lang='lat' dir='ltr'>Ipse</span> <span class='ocrx_word' id='word_1_278' title='bbox 152 2137 252 2181; x_wconf 88' lang='lat' dir='ltr'>Prosper,</span> <span class='ocrx_word' id='word_1_279' title='bbox 269 2137 306 2181; x_wconf 85' lang='lat' dir='ltr'>qui</span> <span class='ocrx_word' id='word_1_280' title='bbox 323 2138 366 2175; x_wconf 87' lang='lat' dir='ltr'>iarn</span> <span class='ocrx_word' id='word_1_281' title='bbox 385 2141 447 2175; x_wconf 86' lang='lat' dir='ltr'>antea</span> <span class='ocrx_word' id='word_1_282' title='bbox 466 2149 553 2175; x_wconf 89' lang='lat' dir='ltr'>carmen</span> <span class='ocrx_word' id='word_1_283' title='bbox 572 2142 723 2182; x_wconf 84' lang='lat' dir='ltr'>composuerat</span> <span class='ocrx_word' id='word_1_284' title='bbox 744 2139 795 2184; x_wconf 79' lang='grc' dir='ltr'>Περὶ</span> <span class='ocrx_word' id='word_1_285' title='bbox 815 2138 861 2185; x_wconf 84' lang='grc' dir='ltr'><strong>ἀχα-</strong></span> 
     </span>
    </p>
   </div>
   <div class='ocr_carea' id='block_1_4' title="bbox 34 2210 860 2330">
    <p class='ocr_par' dir='ltr' id='par_1_5' title="bbox 34 2210 860 2330">
     <span class='ocr_line' id='line_1_30' title="bbox 34 2210 858 2258; baseline 0.004 -10"><span class='ocrx_word' id='word_1_286' title='bbox 34 2210 107 2255; x_wconf 77' lang='grc' dir='ltr'>ρίστων,</span> <span class='ocrx_word' id='word_1_287' title='bbox 124 2212 156 2249; x_wconf 88' lang='lat' dir='ltr'>De</span> <span class='ocrx_word' id='word_1_288' title='bbox 170 2212 267 2257; x_wconf 78' lang='lat' dir='ltr'>ingratis,</span> <span class='ocrx_word' id='word_1_289' title='bbox 281 2213 304 2249; x_wconf 94' lang='lat' dir='ltr'>id</span> <span class='ocrx_word' id='word_1_290' title='bbox 318 2215 350 2250; x_wconf 91' lang='lat' dir='ltr'>est</span> <span class='ocrx_word' id='word_1_291' title='bbox 364 2212 390 2249; x_wconf 91' lang='lat' dir='ltr'>de</span> <span class='ocrx_word' id='word_1_292' title='bbox 403 2213 438 2256; x_wconf 88' lang='lat' dir='ltr'>iis,</span> <span class='ocrx_word' id='word_1_293' title='bbox 452 2213 488 2258; x_wconf 83' lang='lat' dir='ltr'>qui</span> <span class='ocrx_word' id='word_1_294' title='bbox 504 2213 530 2250; x_wconf 91' lang='lat' dir='ltr'>de</span> <span class='ocrx_word' id='word_1_295' title='bbox 543 2213 612 2257; x_wconf 81' lang='lat' dir='ltr'>gratia</span> <span class='ocrx_word' id='word_1_296' title='bbox 626 2224 670 2251; x_wconf 91' lang='lat' dir='ltr'>non</span> <span class='ocrx_word' id='word_1_297' title='bbox 685 2216 743 2251; x_wconf 90' lang='lat' dir='ltr'>recte</span> <span class='ocrx_word' id='word_1_298' title='bbox 757 2214 858 2257; x_wconf 87' lang='lat' dir='ltr'>sentiunt,</span> 
     </span>
     <span class='ocr_line' id='line_1_31' title="bbox 35 2285 860 2330; baseline 0.007 -12"><span class='ocrx_word' id='word_1_299' title='bbox 35 2286 108 2322; x_wconf 85' lang='lat' dir='ltr'>contra</span> <span class='ocrx_word' id='word_1_300' title='bbox 122 2285 268 2322; x_wconf 87' lang='lat' dir='ltr'>massilienses</span> <span class='ocrx_word' id='word_1_301' title='bbox 283 2285 419 2322; x_wconf 83' lang='lat' dir='ltr'>adversarios</span> <span class='ocrx_word' id='word_1_302' title='bbox 433 2285 546 2330; x_wconf 81' lang='lat' dir='ltr'>Augustini</span> <span class='ocrx_word' id='word_1_303' title='bbox 562 2285 650 2329; x_wconf 89' lang='lat' dir='ltr'>scripsit</span> <span class='ocrx_word' id='word_1_304' title='bbox 666 2286 726 2323; x_wconf 89' lang='lat' dir='ltr'>«Pro</span> <span class='ocrx_word' id='word_1_305' title='bbox 741 2285 860 2330; x_wconf 80' lang='lat' dir='ltr'>Augustino</span> 
     </span>
    </p>
   </div>
   <div class='ocr_carea' id='block_1_5' title="bbox 36 2395 179 2406">
    <p class='ocr_par' dir='ltr' id='par_1_6' title="bbox 36 2395 179 2406">
     <span class='ocr_line' id='line_1_32' title="bbox 36 2395 179 2406; baseline 0 0"><span class='ocrx_word' id='word_1_306' title='bbox 36 2395 179 2406; x_wconf 72' lang='lat'><em>·-———</em></span> 
     </span>
    </p>
   </div>
   <div class='ocr_carea' id='block_1_6' title="bbox 81 2471 690 2754">
    <p class='ocr_par' dir='ltr' id='par_1_7' title="bbox 81 2471 690 2571">
     <span class='ocr_line' id='line_1_33' title="bbox 81 2471 690 2511; baseline 0.005 -8"><span class='ocrx_word' id='word_1_307' title='bbox 81 2474 98 2496; x_wconf 76' lang='lat'>⁸⁰</span> <span class='ocrx_word' id='word_1_308' title='bbox 111 2472 139 2504; x_wconf 89' lang='lat' dir='ltr'>De</span> <span class='ocrx_word' id='word_1_309' title='bbox 152 2471 333 2510; x_wconf 85' lang='lat' dir='ltr'>praedestinatione</span> <span class='ocrx_word' id='word_1_310' title='bbox 348 2474 467 2511; x_wconf 85' lang='lat' dir='ltr'>sanctorum,</span> <span class='ocrx_word' id='word_1_311' title='bbox 481 2482 510 2504; x_wconf 87' lang='lat' dir='ltr'>nr.</span> <span class='ocrx_word' id='word_1_312' title='bbox 525 2473 544 2510; x_wconf 82' lang='lat'>5;</span> <span class='ocrx_word' id='word_1_313' title='bbox 559 2473 592 2505; x_wconf 91' lang='lat' dir='ltr'>ML</span> <span class='ocrx_word' id='word_1_314' title='bbox 608 2472 636 2511; x_wconf 89' lang='grc'>44,</span> <span class='ocrx_word' id='word_1_315' title='bbox 650 2472 690 2506; x_wconf 83' lang='grc'>963.</span> 
     </span>
     <span class='ocr_line' id='line_1_34' title="bbox 82 2532 318 2571; baseline 0 -6"><span class='ocrx_word' id='word_1_316' title='bbox 82 2535 100 2557; x_wconf 77' lang='lat'>81</span> <span class='ocrx_word' id='word_1_317' title='bbox 114 2532 146 2565; x_wconf 90' lang='lat' dir='ltr'>Nr.</span> <span class='ocrx_word' id='word_1_318' title='bbox 159 2532 178 2571; x_wconf 83' lang='lat'>7;</span> <span class='ocrx_word' id='word_1_319' title='bbox 192 2533 226 2566; x_wconf 93' lang='lat' dir='ltr'>ML</span> <span class='ocrx_word' id='word_1_320' title='bbox 238 2532 267 2571; x_wconf 82' lang='lat'>44,</span> <span class='ocrx_word' id='word_1_321' title='bbox 278 2532 318 2565; x_wconf 82' lang='lat'>964.</span> 
     </span>
    </p>

    <p class='ocr_par' dir='ltr' id='par_1_8' title="bbox 83 2592 243 2633">
     <span class='ocr_line' id='line_1_35' title="bbox 83 2592 243 2633; baseline 0 -6"><span class='ocrx_word' id='word_1_322' title='bbox 83 2595 101 2618; x_wconf 72' lang='lat'>⁸2</span> <span class='ocrx_word' id='word_1_323' title='bbox 114 2593 148 2627; x_wconf 91' lang='lat' dir='ltr'>ML</span> <span class='ocrx_word' id='word_1_324' title='bbox 161 2592 190 2633; x_wconf 82' lang='lat'>45,</span> <span class='ocrx_word' id='word_1_325' title='bbox 203 2593 243 2627; x_wconf 82' lang='lat'>993.</span> 
     </span>
    </p>

    <p class='ocr_par' dir='ltr' id='par_1_9' title="bbox 82 2653 543 2694">
     <span class='ocr_line' id='line_1_36' title="bbox 82 2653 543 2694; baseline -0.002 -7"><span class='ocrx_word' id='word_1_326' title='bbox 82 2655 101 2678; x_wconf 74' lang='lat'>⁸³</span> <span class='ocrx_word' id='word_1_327' title='bbox 114 2653 196 2687; x_wconf 86' lang='lat' dir='ltr'>Caelest.</span> <span class='ocrx_word' id='word_1_328' title='bbox 211 2664 239 2694; x_wconf 90' lang='lat' dir='ltr'>ep.</span> <span class='ocrx_word' id='word_1_329' title='bbox 252 2654 284 2693; x_wconf 84' lang='lat'>21;</span> <span class='ocrx_word' id='word_1_330' title='bbox 299 2654 333 2687; x_wconf 89' lang='lat' dir='ltr'>ML</span> <span class='ocrx_word' id='word_1_331' title='bbox 347 2653 375 2693; x_wconf 88' lang='lat'>50,</span> <span class='ocrx_word' id='word_1_332' title='bbox 390 2654 433 2692; x_wconf 69' lang='lat'>52&amp;</span> <span class='ocrx_word' id='word_1_333' title='bbox 448 2654 476 2693; x_wconf 81' lang='grc'>45,</span> <span class='ocrx_word' id='word_1_334' title='bbox 491 2653 543 2687; x_wconf 78' lang='grc'><strong>1755.</strong></span> 
     </span>
    </p>

    <p class='ocr_par' dir='ltr' id='par_1_10' title="bbox 84 2714 257 2754">
     <span class='ocr_line' id='line_1_37' title="bbox 84 2714 257 2754; baseline -0.006 -6"><span class='ocrx_word' id='word_1_335' title='bbox 84 2716 102 2739; x_wconf 72' lang='lat'>⁸4</span> <span class='ocrx_word' id='word_1_336' title='bbox 114 2714 148 2748; x_wconf 90' lang='lat' dir='ltr'>ML</span> <span class='ocrx_word' id='word_1_337' title='bbox 162 2714 191 2754; x_wconf 78' lang='lat'>45,</span> <span class='ocrx_word' id='word_1_338' title='bbox 205 2714 257 2747; x_wconf 76' lang='lat'>1756.</span> 
     </span>
    </p>
   </div>
   <div class='ocr_carea' id='block_1_7' title="bbox 0 0 989 3093">
    <p class='ocr_par' dir='ltr' id='par_1_11' title="bbox 0 0 989 3093">
     <span class='ocr_line' id='line_1_38' title="bbox 0 0 989 3093; baseline 0 0"><span class='ocrx_word' id='word_1_339' title='bbox 0 0 989 3093; x_wconf 95' lang='lat' dir='ltr'> </span> 
     </span>
    </p>
   </div>
  </div>
 </body>
</html>
