1952 3093
392 99 514 137 -215—

95 221 152 258 Haec
168 221 194 258 de
210 232 274 258 sensu
290 221 367 265 thesis;
383 221 490 265 quaedam
506 221 576 258 adhuc
594 224 706 258 remanent
722 221 818 259 notanda
834 222 867 259 vel

45 294 132 335 ulterius
147 293 284 335 explicanda.

64 377 65 380 ¹
122 364 141 405 1)
156 364 205 400 Non
219 364 336 408 quaeritur,
350 368 422 401 utrum
435 365 461 401 de
475 365 533 401 lacto
547 358 641 408 unquam
655 365 720 402 homo
734 365 757 401 in
772 366 810 402 tali
824 369 868 402 ten-

14 488 16 490 *
45 438 123 477 tatione
135 436 181 472 sine
193 435 274 473 auxilio
287 435 410 473 necessario
422 431 502 479 gratiae
512 436 646 481 inveniatnr;
659 436 701 474 hoc
713 447 757 473 non
769 437 868 474 obtinere

45 509 168 552 ostendetur
180 509 203 545 in
214 507 290 545 ultima
300 511 362 552 parte
373 511 483 553 tractatus,
495 507 533 546 ubi
545 508 572 546 de
584 508 738 547 distributione
750 509 868 553 gratiarum

45 593 113 622 sermo
128 584 165 619 est.
179 580 236 625 Ergo
250 592 276 618 ex
290 581 425 624 experientia
439 591 509 625 neque
522 592 563 624 pro
576 581 633 619 thesi
647 591 717 626 neque
731 584 806 620 contra
822 592 869 619 eam

46 655 117 695 stricte
131 653 249 698 quidquam
262 653 351 697 probari
365 657 442 697 potest.

121 731 144 773 2).
153 731 249 769 Ulterior
261 731 379 774 explicatio
392 732 539 774 impotentiae.
552 731 588 769 Uti
601 732 645 768 iarn
658 731 788 774 dictumest,
801 732 869 774 impo-

46 804 111 842 tentia
123 813 167 839 non
180 805 212 840 est
222 802 323 846 physiea3
337 814 361 839 ea
374 802 399 839 ab
412 803 457 839 illis
469 803 539 840 solnm
551 804 619 840 asseri
629 806 709 846 posset,
721 803 759 847 qui
772 803 870 840 dicerent

46 878 143 912 naturam
158 874 275 911 humanam
291 884 331 917 per
346 877 460 916 peccatum
476 874 581 917 originale
597 874 728 911 intrinsecus
745 877 870 917 corruptam

46 958 97 986 esse.
108 945 146 983 Est
158 956 208 990 ergo
221 946 350 989 impotentia
360 946 456 989 moralis,
467 956 544 990 magna
556 945 670 984 difficultas
683 946 780 990 ponendi
791 948 870 988 actum,

47 1030 98 1065 quae
115 1030 141 1056 ex
155 1018 292 1056 vehementia
307 1019 433 1056 tentationis
450 1023 471 1056 et
486 1020 532 1056 eius
550 1019 691 1056 diuturnitate
707 1019 783 1057 oritur.
799 1018 870 1055 Facile

47 1091 174 1135 intelligitur
187 1091 298 1128 hominem
313 1091 374 1128 cui-us
388 1092 483 1134 cognitio
497 1092 568 1128 omnis
583 1103 595 1128 a
610 1102 674 1129 sensu
688 1091 768 1135 incipit
780 1094 803 1128 et
816 1102 871 1135 quae

47 1174 131 1206 semper
145 1163 248 1200 materiae
261 1163 326 1205 ligata
341 1167 378 1206 est,
393 1164 461 1200 multo
476 1163 563 1200 facilius
579 1166 599 1200 et
615 1164 694 1201 clarius
709 1163 822 1200 sensibilia
837 1174 872 1200 co-

47 1245 155 1278 gnoscere,
172 1245 236 1277 quam
255 1234 377 1277 spiritualia
395 1238 414 1272 et
433 1238 589 1278 consequenter
604 1235 737 1272 voluntatem
754 1235 823 1278 magis
840 1235 872 1271 in-

48 1306 124 1342 clinari
137 1309 159 1342 et
172 1306 228 1342 affici
243 1316 254 1342 a
267 1306 331 1342 bonis
344 1306 491 1349 sensibilibus,
505 1317 569 1350 quam
584 1306 673 1343 abonis
687 1317 741 1350 pure
755 1306 873 1349 spirituali-

48 1377 92 1415 bus.
108 1377 220 1420 Hincper
233 1388 257 1415 se
271 1378 315 1415 iam
329 1378 424 1422 cognitio
438 1378 491 1415 boni
507 1378 627 1421 spiritualis
644 1378 732 1422 eiusque
748 1389 809 1415 amor
824 1389 873 1415 cum

49 1450 119 1494 aliqua
133 1450 257 1487 difficultate
272 1449 400 1487 coniunctus
415 1454 452 1495 est,
466 1451 484 1487 si
499 1454 637 1494 comparatur
651 1462 699 1488 cum
715 1450 838 1495 cognitione
853 1453 874 1487 et

49 1532 120 1560 amore
136 1533 208 1559 rerum
225 1522 370 1567 sensibilium;
387 1523 438 1559 inde
455 1523 498 1559 iam
514 1523 612 1565 incipere
627 1526 698 1566 potest
713 1523 784 1567 aliqua
802 1532 873 1566 pugna

50 1598 105 1633 inter
118 1607 206 1633 carnem
220 1599 241 1633 et
254 1596 361 1639 spiritum,
375 1596 487 1632 sibonum
502 1596 605 1633 sensibile
620 1599 652 1632 est
665 1595 750 1632 homini
765 1595 873 1632 illicitum.

50 1668 70 1704 Si
85 1667 163 1705 deinde
176 1668 226 1705 illae
239 1679 273 1704 res
287 1668 400 1705 sensibiles
415 1668 504 1705 illicitae
518 1668 599 1704 maiore
614 1668 729 1704 vivacitate
743 1670 763 1704 et
776 1667 873 1704 claritate

50 1742 206 1783 proponuntur,
224 1739 328 1782 specialis
347 1743 436 1776 conatus
457 1739 592 1776 necessarius
612 1742 649 1783 est,
667 1742 690 1776 ut
708 1739 773 1775 homo
793 1738 820 1775 ab
839 1738 874 1774 his

50 1811 112 1847 rebus
124 1821 169 1848 sese
179 1814 263 1848 avertat
272 1812 300 1848 ad
310 1811 469 1848 consideranda
479 1811 608 1854 spiritualia,
619 1811 656 1854 qni
668 1813 757 1847 conatus
767 1810 810 1847 iam
822 1810 874 1846 satis

51 1883 144 1919 difficilis
159 1894 205 1921 esse
219 1886 296 1927 potest.
309 1882 393 1921 Crescit
408 1883 529 1926 difficultas,
543 1884 561 1920 si
576 1883 661 1920 accedit
676 1883 758 1919 directa
773 1882 875 1919 sollicita-

51 1954 79 1991 tio
94 1966 120 1991 ex
135 1958 196 1998 parte
208 1955 328 1998 hominum,
342 1956 376 1993 vel
391 1956 456 1993 etiam
471 1967 496 1992 ex
510 1958 571 1998 parte
587 1955 669 1992 diaboli
682 1955 712 1991 ita
725 1958 749 1991 ut
763 1955 876 1991 moraliter

51 2027 86 2062 vix
102 2028 207 2070 possibile
223 2028 251 2066 sit
266 2027 351 2065 homini
368 2038 507 2071 perseverare
526 2027 549 2063 in
566 2026 733 2064 considerandis
750 2027 815 2064 bonis
833 2026 875 2070 spi-

52 2098 171 2136 ritualibus.
184 2091 286 2136 Fortasse
296 2100 362 2136 homo
377 2099 441 2136 tortis
455 2110 494 2142 per
508 2100 573 2137 breve
588 2102 672 2142 tempus
686 2100 751 2136 talem
764 2099 876 2141 impugna-

51 2170 131 2207 tionem
142 2171 230 2208 vincere
239 2173 316 2215 potest,
326 2170 365 2208 sed
376 2171 395 2208 si
405 2171 495 2208 tentatio
508 2171 545 2208 diu
556 2171 666 2214 perdurat,
677 2171 755 2207 iterum
766 2174 787 2207 et
798 2171 876 2207 iterum

52 2241 77 2277 de
90 2253 146 2280 novo
159 2242 260 2286 exsurgit,
273 2242 379 2281 tortitudo
391 2243 488 2280 homin-is
499 2242 610 2287 min-uitur,
621 2242 686 2279 homo
699 2242 835 2286 defatigatur,
847 2243 878 2278 ita

42 2316 74 2348 >ut
90 2315 177 2351 tandem
194 2326 277 2352 summa
293 2315 322 2353 sit
338 2314 460 2358 difficultas,
477 2315 565 2352 moralis
582 2314 711 2357 impotentia
728 2314 808 2351 diutius
826 2314 877 2351 resi-

53 2384 133 2423 stendi:
152 2387 217 2424 homo
234 2387 293 2424 cedit
307 2387 429 2424 tentationi.

105 2458 163 2496 Haec
173 2463 206 2496 est
218 2459 347 2502 impotentia
356 2460 445 2496 moralis
456 2459 595 2503 antecedens;
608 2459 645 2496 sed
655 2459 760 2502 quamdiu
772 2448 878 2495 indicium

53 2527 148 2567 bominis
162 2542 206 2568 non
220 2542 269 2568 vere
284 2530 436 2585 turbatur,vel
448 2530 537 2576 tollitur,
552 2535 573 2568 et
586 2531 652 2568 horno
665 2541 710 2568 non
725 2535 757 2568 est
770 2531 798 2568 ad
812 2541 878 2568 unum

54 2599 214 2645 determinatus,
228 2603 310 2639 tamdiu
324 2605 396 2640 manet
408 2603 497 2640 libertas
509 2606 530 2640 et
542 2603 647 2647 quamdiu
659 2603 714 2640 haec
728 2603 794 2645 adest,
807 2605 879 2639 manet

54 2671 118 2710 relate
129 2674 156 2711 ad
167 2674 321 2717 particularem
332 2678 403 2712 actum
415 2674 549 2718 possibilitas
562 2678 621 2711 actus
634 2675 737 2718 oppositi,
749 2678 770 2711 et
782 2675 879 2711 nondum

54 2742 154 2782 affirmari
170 2750 240 2789 potest
255 2746 384 2789 impotentia
399 2746 502 2784 absoluta.
538 2769 540 2772 -
