1952 3093
465 38 573 76 ..50-

161 156 212 201 Cap.
225 156 257 194 1-3
269 157 392 201 ostendunt,
405 157 581 196 iustificationem
595 170 640 196 esse
652 169 735 196 merum
748 170 802 203 opus
814 159 896 203 gratiae
910 172 935 198 ex

109 231 192 267 meritis
210 229 290 268 Christi
307 230 466 274 Redemptoris.
484 231 535 275 Cap.
551 233 573 269 1:
593 232 644 269 Post
660 231 719 270 Adae
736 236 850 277 peccatum
867 244 936 278 neque

109 306 182 346 gentes
195 314 234 347 per
248 303 292 340 vim
306 306 402 348 naturae,
417 315 486 349 neque
501 304 576 342 ludaei
589 316 628 348 per
642 305 737 342 litteram
752 305 814 349 Legis
828 306 898 349 Moysi
912 307 936 342 li-

110 376 181 412 berari
197 379 232 413 aut
249 385 336 420 surgere
351 380 474 421 potuerunt,
492 378 590 421 quamvis
607 378 700 414 liberum
716 377 830 415 arbitrium
847 378 936 416 minime

111 449 240 486 exstinctum
258 452 319 487 esset.
337 448 387 493 Cap.
405 450 427 487 2:
447 450 488 488 Sed
504 451 561 487 Deus
578 450 679 488 misertus
697 454 728 487 est
744 451 830 494 generis
846 450 937 488 humani

111 524 131 558 ct
148 522 207 558 misit
224 521 303 559 Filium
320 533 382 559 suum
400 523 427 560 ad
445 522 583 560 redimendos
601 523 691 560 Iudaeos
710 526 730 560 et
746 525 826 567 gentes.
844 522 895 567 Cap.
910 524 934 561 .3:

110 594 185 632 Merita
205 597 275 631 autern
295 595 404 638 passionis
423 595 504 633 Christi
523 595 648 633 hominibus
667 596 825 633 communicari
846 595 934 633 debent:

111 667 213 705 Homines
234 668 313 705 dehent
331 669 354 704 in
374 667 460 706 Christo
479 668 573 712 renasci;
593 668 633 705 hac
653 667 789 705 renascentia
808 668 831 705 in
852 667 937 706 Christo

111 740 180 781 ,aratia
189 739 216 776 iis
227 740 336 784 tribuitur,
347 752 388 784 qua
400 741 451 777 iusti
461 741 520 777 fiunt.

165 811 215 856 Cap.
231 813 264 850 1-9
280 816 345 856 agunt
361 814 386 851 de
400 813 472 856 prima
486 813 644 857 iustificatione,
659 814 682 850 id
698 817 729 851 est
745 814 770 851 de
785 813 937 851 iustificatione

111 885 207 922 bominis
221 886 259 929 qui
273 885 344 922 adhuc
359 888 390 923 est
403 886 426 922 in
440 888 530 929 peccato
545 885 653 929 originali.
669 885 719 929 Cap.
733 887 755 923 4:
772 886 870 923 Breviter
885 886 938 923 haec

112 957 236 995 justificatio
249 958 380 996 describitur
392 962 415 995 ut
426 958 538 995 translatio
551 959 613 995 abeo
627 961 688 1002 statu,
701 958 724 994 in
737 969 779 1003 quo
792 959 857 995 homo
870 959 938 995 nasci-

113 1033 146 1066 tur
164 1029 222 1067 fitius
241 1030 308 1073 primi
327 1030 392 1073 Adae,
412 1031 435 1066 in
456 1033 534 1067 statum
553 1031 634 1074 gratiae
654 1034 674 1068 et
694 1030 818 1074 adoptionis
838 1030 938 1067 filiorum.

114 1102 170 1139 Haec
183 1103 296 1140 translatio
308 1107 357 1145 post
369 1102 509 1146 Evangelium
522 1103 680 1146 promulgatum
695 1103 741 1140 sine
753 1103 840 1140 lavacro
854 1112 939 1146 regene-

113 1175 204 1212 rationis
216 1178 253 1212 aut
264 1175 310 1212 eius
322 1178 371 1212 voto
382 1174 429 1211 fieri
441 1185 484 1212 non
496 1178 572 1218 potest.
584 1174 636 1218 Cap.
649 1176 671 1212 5:
686 1174 776 1212 Adultus
790 1176 817 1212 ad
828 1176 885 1212 hane
897 1176 939 1212 ius-

113 1247 253 1285 tificationem
269 1258 400 1291 praeparare
417 1258 438 1284 se
456 1247 525 1284 debet.
541 1247 661 1284 Exordium
678 1248 743 1284 sumit
759 1258 771 1284 a
786 1248 939 1290 praeveniente

113 1319 151 1356 Dei
164 1319 233 1363 gratia
244 1331 286 1364 qua
298 1321 364 1356 nullis
376 1330 450 1357 eorum
463 1319 616 1357 exsistentibus
629 1319 712 1356 meritis
723 1323 838 1364 vocantur3
852 1319 890 1356 sed
903 1320 940 1357 ho-

114 1403 148 1428 mo
160 1391 228 1430 libere
241 1392 293 1429 huic
305 1392 385 1435 gratiae
399 1392 500 1429 assentiri
513 1396 532 1429 et
546 1392 659 1435 cooperari
674 1392 743 1429 debet.
757 1391 808 1434 Cap.
822 1393 832 1429 6
846 1392 883 1428 hie
897 1403 940 1428 rno-

115 1464 154 1500 dus
168 1465 342 1508 praeparationis
358 1465 480 1501 accuratius
496 1464 632 1501 describitur.
649 1464 699 1507 Cap.
715 1465 726 1500 7
743 1465 831 1501 docetur
845 1464 898 1507 quid
913 1464 941 1500 sit

114 1537 162 1579 ipsa
175 1536 306 1581 iustificatio,
320 1538 357 1574 scl.
371 1548 415 1573 non
429 1538 474 1573 sola
488 1540 627 1579 peccatorum
641 1536 747 1580 remissio,
762 1535 800 1573 sed
814 1539 834 1573 et
848 1537 940 1573 sanctifi-

115 1609 171 1647 catio
184 1613 204 1648 et
216 1609 328 1647 renovatio
340 1609 451 1646 interioris
463 1609 559 1646 hominis
571 1620 609 1651 per
622 1609 768 1646 voluntarium
781 1608 941 1652 susceptionem

115 1681 195 1724 gratiae
209 1684 229 1719 et
241 1682 357 1726 donorumg
372 1691 415 1718 non
430 1682 499 1718 solum
513 1681 564 1717 iusti
578 1683 710 1724 reputantur,
725 1680 763 1718 sed
777 1691 826 1718 vere
840 1680 892 1717 iusti
904 1691 941 1718 no-

113 1754 224 1792 minantur
233 1756 253 1790 et
262 1756 318 1790 sunt.
326 1753 439 1791 Praeterea
449 1763 526 1790 causae
536 1752 600 1790 huius
610 1752 769 1790 iustificationis
780 1755 939 1790 enumerantur.

117 1826 166 1870 Cap.
180 1827 198 1864 8.
212 1827 334 1870 explicatur
345 1825 454 1870 quomodo
467 1825 608 1869 intelligenda
621 1826 664 1862 sint
677 1825 743 1862 verba
757 1836 773 1863 s.
786 1825 853 1868 Pauli,
868 1836 906 1868 per
920 1824 942 1861 fi-

117 1899 165 1935 dem
178 1909 217 1936 nos
229 1898 343 1936 iustificari
356 1901 376 1936 et
388 1897 464 1943 gratis;
478 1897 600 1940 perfidem,
614 1898 665 1941 quia
676 1896 729 1935 fides
743 1900 774 1935 est
788 1897 894 1935 humanae
910 1909 940 1934 sa-

114 1971 165 2007 lutis
174 1970 269 2015 initium,
278 1970 444 2007 fundamentum
452 1973 473 2007 et
482 1970 545 2014 radix
555 1969 626 2007 omnis
634 1969 804 2014 iustificationis3
814 1969 881 2013 gratis
890 1970 941 2014 quia

116 2043 172 2079 nihil
187 2053 267 2087 eorum,
282 2053 336 2087 quae
352 2042 527 2080 iustificationem
541 2042 680 2086 praecedunt,
695 2042 765 2086 ipsam
781 2042 941 2079 iustificationis

114 2115 205 2158 gratiam
215 2118 316 2152 meretur.
328 2114 378 2159 Cap.
388 2114 406 2152 9.
418 2114 509 2151 reicitur
518 2114 591 2150 inanis
601 2113 681 2152 fiducia
690 2114 856 2152 haereticorum.
867 2114 892 2150 Ei
902 2115 939 2158 qui

118 2190 140 2223 in
155 2189 200 2225 sola
212 2188 253 2225 hac
266 2188 346 2225 fiducia
361 2187 459 2232 quiescit,
474 2190 563 2231 peccata
577 2197 620 2223 non
636 2186 783 2231 remittuntur;
798 2197 867 2231 neque
881 2198 943 2230 opor·

118 2263 147 2296 tet
160 2261 250 2305 eosqui
262 2271 312 2297 vere
324 2259 434 2296 iustificati
447 2261 502 2302 sunt,
517 2259 563 2296 sine
576 2259 635 2296 omni
650 2258 784 2296 dubitatione
798 2259 855 2302 apud
869 2262 943 2296 semet-

120 2404 208 2445 Stellung
221 2406 253 2439 des
267 2406 356 2439 Trienter
370 2407 450 2441 Konzils
463 2418 488 2441 zu
502 2408 535 2440 der
549 2409 608 2447 Frage
622 2408 673 2442 nach
688 2409 731 2441 dem
744 2408 813 2441 Wesen
829 2410 862 2442 der
876 2409 945 2449 heilig-

120 2465 240 2498 machenden
255 2467 327 2500 Gnade.
342 2468 387 2501 1909
406 2468 440 2519 (ad
454 2478 495 2507 cap.
511 2468 535 2506 7).
549 2488 574 2492 —
589 2468 671 2508 Himera,
688 2470 714 2502 La
731 2470 818 2502 doctrine
835 2471 860 2501 du
876 2471 945 2503 merite

121 2536 145 2558 au
161 2525 239 2559 Concile
256 2528 278 2560 de
294 2528 370 2561 Trente.
386 2528 452 2561 Revue
468 2529 501 2561 des
518 2528 605 2561 Sciences
622 2529 735 2568 religieuses
752 2530 761 2561 i
780 2530 843 2567 (1927)
861 2530 946 2564 262-298.

119 2605 143 2609 —--
156 2587 215 2625 Idem,
228 2587 277 2620 Dict.
292 2588 315 2620 de
329 2588 396 2621 Theoi.
411 2589 439 2627 10,
455 2588 538 2622 735-761.
552 2609 577 2613 -
590 2590 667 2628 Strauh,
680 2590 744 2622 Ueher
757 2591 792 2622 den
809 2591 856 2623 Sinn
871 2591 903 2623 des
918 2591 945 2623 22.

121 2648 199 2680 tianons
212 2648 245 2679 der
255 2649 270 2681 6.
283 2648 363 2687 Sitzung
375 2650 407 2681 des
421 2648 500 2681 Konzils
513 2659 549 2681 von
563 2649 635 2681 Trient.
648 2650 762 2682 Zeitschrift
775 2651 807 2682 fiir
819 2651 872 2683 kath.
884 2652 945 2684 Theo-

121 2708 235 2747 1111111897,
249 2709 282 2741 107
295 2719 329 2747 ss.;
342 2709 375 2742 209
389 2719 414 2742 ss.
446 2721 448 2725 ’
