1952 3093
483 48 510 55 ψ
525 26 605 69 320-—

125 157 180 191 quae
191 146 252 190 prius
264 147 345 184 malum
356 148 451 192 volebat;
463 151 484 184 et
493 147 551 191 ideo,
563 148 682 183 secundum
694 146 753 191 quod
764 146 821 184 Deus
832 150 904 184 movet
915 147 953 184 hu-

125 229 210 256 manam
221 221 315 255 mentem
327 220 354 256 ad
365 219 423 256 hunc
434 222 511 261 actum,
525 219 605 256 dicitur
616 219 685 262 gratia
697 229 797 262 operans.
809 219 869 256 Alius
882 222 952 261 autem

126 294 185 328 actus
201 295 232 328 est
248 292 348 335 exterior,
365 292 402 337 qui
418 303 467 329 cunr
482 303 493 328 a
509 291 757 335 voluntateimperetur,
774 295 796 328 ut
812 302 877 334 supra
893 291 952 328 habi-

126 367 170 400 tum
185 366 222 408 est,
236 373 371 409 consequens
386 369 423 408 est,
438 365 496 408 quod
511 364 610 401 adhunc
625 367 696 401 actum
710 365 808 408 operatio
824 365 953 402 attribuatur

127 433 241 481 voluntati;
258 440 278 474 et
290 438 342 482 quia
354 438 420 474 etiam
434 437 532 474 adhunc
546 439 617 474 actum
632 437 689 474 Deus
704 447 743 474 nos
757 437 851 481 adiuvat,
868 440 887 474 et
900 437 953 475 inte-

127 511 171 547 rius
184 510 334 548 confirmando
347 512 485 554 voluntatem,
497 515 520 548 ut
531 511 559 548 ad
572 514 642 547 actum
655 510 774 554 perveniat,
786 513 806 547 et
819 511 913 548 exterius
925 510 954 546 fn-

126 582 226 619 cultatem
238 582 345 625 operandi
356 584 487 626 praebendo,
499 585 598 626 respectu
608 582 733 619 huiusmodi
745 586 805 619 actus
816 582 897 619 dicitur
907 591 953 625 gra-

128 654 158 691 tia
172 665 302 699 cooperans;
319 655 377 693 unde
393 660 442 699 post
457 655 576 699 praemissa
590 654 656 692 verba
672 655 746 692 subdit
759 655 822 698 Aue:
839 655 867 693 Ut
883 657 954 692 autem

128 727 225 771 velimus,
239 731 351 773 operatur;
367 739 416 765 cum
430 732 500 765 autern
514 728 618 772 volumus,
632 731 656 764 ut
669 727 813 771 perficiamus,
828 727 891 765 nobis
906 738 954 764 coo-

127 802 222 843 peratur.
234 799 269 837 Sic
279 800 346 844 igitur
357 801 375 837 si
385 801 454 844 gratia
465 800 585 843 accipiatur
596 811 636 843 pro
647 800 740 843 gratuita
751 800 790 837 Dei
800 801 902 843 motione,
912 810 954 844 qua

128 877 199 910 moret
210 883 250 909 nos
262 873 289 909 ad
301 873 383 910 bonum
395 873 536 912 meritorium,
549 872 705 909 convenienter
717 872 822 909 dividitur
834 872 903 915 gratia
916 883 955 915 per

128 948 254 988 operantem
272 948 292 982 et
309 948 468 989 cooperantem.

181 1030 203 1066 Si
221 1040 272 1067 vero
289 1030 410 1074 accipiatur
426 1030 495 1074 gratia
512 1041 551 1073 pro
570 1030 675 1067 habituali
695 1032 758 1073 dono,
776 1031 808 1066 sic
825 1035 856 1067 est
876 1030 954 1073 duplex

128 1103 209 1145 gratiae
222 1102 318 1145 effectus,
333 1103 389 1139 sicut
403 1106 423 1140 et
436 1102 550 1140 cuiuslibet
562 1103 651 1139 alterius
665 1104 753 1146 formae,
767 1113 858 1146 quorum
871 1103 955 1145 primus

129 1177 224 1217 estesse,
237 1175 346 1211 secundus
359 1178 391 1212 est
402 1175 509 1219 operati03
523 1176 579 1211 sicut
591 1175 670 1212 caloris
683 1175 780 1218 operatio
794 1180 825 1212 est
837 1175 909 1211 facere
922 1186 955 1211 ca-

129 1246 197 1283 lidum
209 1250 229 1283 et
241 1247 337 1284 exterior
348 1247 468 1285 calefactio.
479 1247 513 1284 Sic
524 1248 590 1290 igitur
601 1247 718 1284 habitualis
729 1247 804 1291 gratia,
817 1248 839 1283 in
851 1249 955 1290 quantum

130 1319 224 1355 animam
241 1322 308 1362 sanat,
327 1320 360 1356 vel
377 1319 485 1361 iustificat,
502 1321 536 1356 vel
551 1322 633 1363 gratam
651 1319 695 1356 Deo
713 1318 771 1360 tacit,
791 1318 871 1356 dicitur
887 1319 955 1362 gratia

129 1401 232 1435 operans;
246 1392 375 1435 inquantum
388 1403 440 1428 vero
453 1394 485 1428 est
497 1391 632 1435 principium
646 1392 718 1434 operis
731 1391 843 1434 meritorii,
858 1391 916 1435 quod
930 1402 955 1428 ex

128 1463 196 1500 libero
211 1464 302 1501 arbitrio
316 1464 422 1507 procedit,
437 1464 516 1500 dicitur
529 1474 648 1507 cooperans
658 1476 667 1498 »
676 1467 700 1500 ⁶4.

184 1547 203 1585 S.
218 1548 374 1584 Bennanmnro:
394 1548 534 1584 «Dicendum
549 1548 614 1591 igitur
630 1552 667 1592 est,
682 1549 772 1591 gratiam
790 1552 915 1590 operantem
932 1549 956 1584 11-

129 1621 172 1656 lam
185 1630 237 1663 esse,
248 1631 303 1663 quae
316 1619 380 1656 efficit
392 1621 415 1655 in
426 1619 514 1656 homine
525 1621 620 1663 primurn
633 1623 703 1656 actum
717 1620 847 1656 deliberatae
860 1621 955 1656 volunta-

130 1691 164 1735 tis,
175 1692 245 1735 qualis
257 1695 288 1728 est
300 1692 420 1733 conversio,
432 1691 476 1728 sive
487 1692 512 1728 ab
523 1691 648 1729 infidelitate
661 1691 688 1728 ad
698 1691 768 1735 fidem,
781 1691 826 1728 sive
838 1703 849 1728 a
859 1691 955 1734 pcccatis

131 1765 221 1800 caeterts
241 1765 268 1801 ad
288 1765 454 1807 poenitentianr;
475 1756 565 1806 gratiam
585 1775 635 1800 vero
654 1766 807 1807 cooperantem
826 1775 871 1801 esse
891 1764 956 1805 illam,

131 1846 184 1880 quae
199 1835 264 1873 efficit
280 1838 436 1879 consequentes
452 1838 511 1872 actus
526 1836 648 1878 voluntatis,
664 1835 738 1880 quales
752 1838 801 1873 sunt
817 1836 871 1873 velie
888 1846 956 1876 orare.

131 1908 184 1945 velle
198 1919 301 1952 quaerere
316 1907 459 1948 sacerdotnm,
472 1907 525 1943 velle
538 1908 594 1944 bona
609 1919 674 1950 opera
690 1908 767 1951 facere,
782 1911 802 1944 et
816 1908 853 1944 alii
867 1907 955 1944 similes.

131 1980 189 2023 Quos
202 1980 306 2016 continuo
321 1982 440 2023 sequuntur
454 1983 512 2016 actus
527 1980 616 2022 externi,
631 1980 660 2016 ita
673 1983 696 2016 ut
709 1980 778 2023 gratia
793 1990 885 2023 operans
900 1979 955 2016 nihil

131 2053 158 2088 sit
170 2052 235 2094 aliud,
249 2052 292 2087 nisi
305 2051 409 2088 auxilium
423 2051 516 2093 speciale
531 2051 604 2088 efficax
617 2055 715 2093 respectu
728 2052 795 2094 primi
808 2054 868 2088 actus
882 2053 955 2088 volun—

132 2125 187 2167 tatis,
202 2125 271 2168 gratia
286 2135 336 2161 vero
353 2134 472 2165 cooperans
489 2123 515 2158 sit
531 2123 633 2160 auxilium
649 2124 743 2166 speciale
757 2126 855 2165 respectu
871 2128 957 2160 actuum

131 2196 266 2240 sequentium
274 2208 285 2232 a
294 2199 318 2231 ⁶⁵.

181 2278 224 2316 Alii
236 2279 315 2316 iterum
326 2278 407 2315 habent
421 2278 474 2314 alias
488 2278 649 2322 explicationes,
663 2279 693 2316 ita
707 2283 729 2315 ut
743 2279 765 2315 in
779 2279 870 2322 singulis
884 2283 954 2317 aucto·

131 2352 190 2389 ribus
204 2353 259 2389 bene
273 2350 428 2388 attendendum
442 2350 474 2392 sit,
489 2351 597 2394 quomodo
612 2352 667 2387 hanc
684 2351 813 2388 divisionem
828 2351 956 2393 intelligant.

178 2574 195 2595 ⁶4
211 2571 227 2602 S.
237 2570 272 2601 Th.
282 2571 298 2608 1,
309 2570 319 2601 2
330 2578 347 2607 q.
358 2555 390 2600 111
401 2578 418 2600 a.
428 2569 444 2600 2.
454 2587 478 2591 —-
486 2569 513 2600 De
523 2578 581 2601 sensu
590 2569 650 2601 huius
660 2569 825 2610 divisionisapud
835 2579 850 2601 s.
860 2569 955 2602 Thomam

132 2639 203 2669 magna
215 2632 245 2662 est
257 2629 376 2668 disputatio;
389 2629 413 2661 ci.
426 2628 495 2667 Lange,
508 2638 537 2661 nr.
549 2629 582 2662 598
596 2639 611 2662 s.

180 2695 198 2715 ⁶⁵
210 2691 238 2723 De
253 2690 316 2728 gratia
329 2693 347 2721 et
360 2689 423 2721 libero
438 2689 519 2721 arbitrio
534 2689 568 2722 lib.
583 2691 590 2722 1
607 2700 648 2729 cap.
658 2691 691 2722 -14,
