1952 3093
377 14 485 52 „33-

20 136 82 176 Deus,
97 133 131 169 vel
145 143 189 170 non
205 132 283 170 habeat
300 133 416 170 essentiam
432 133 584 171 neeessariam.
600 134 623 172 Si
638 134 696 171 enim
713 143 751 178 ego
767 133 795 172 fio
813 145 848 172 ne·

20 205 120 254 cessario,
135 216 212 249 parum
227 217 261 242 me
275 209 353 251 movet,
367 206 426 251 quod
441 217 486 244 esse
499 217 571 244 meum
586 208 619 246 vel
632 207 680 245 fieri
695 208 723 245 sit
738 208 848 252 mutabile,

21 278 163 330 nihilominus
181 288 219 322 ego
237 279 273 316 ille
292 279 420 322 contingens
436 282 458 316 et
474 280 591 323 mutabilis,
609 282 647 325 qui
665 291 709 318 non
726 292 774 318 sum
791 281 848 318 Deus

20 352 161 395 necessarius,
173 351 208 389 fio.
221 352 290 396 Quare
303 352 391 410 illorum
401 352 527 397 ludibrium,
539 353 667 391 necessitate
681 353 848 399 consequentiae

21 426 58 463 sed
78 435 122 462 non
141 425 278 462 necessitate·
290 425 443 470 consequentis
462 425 535 463 omnia
553 425 607 472 fieri,
627 427 683 464 nihil
704 426 764 464 aliud
784 427 849 464 habet

21 487 84 544 qnam
98 498 152 541 hoc„
161 499 235 535 omnia
247 498 335 542 quidem
350 499 473 536 necessario
487 498 547 542 fiunt,
562 500 600 537 sed
614 500 646 536 sic
661 500 724 544 iacta,
739 510 784 537 nou
799 503 849 537 sunt

21 573 112 616 ipsemet
127 571 191 608 Deus.
207 571 269 614 Quod
284 582 335 608 vero
352 582 407 614 opus
424 575 470 608 erat
485 571 527 609 hoc
544 572 607 609 nohis
626 572 711 609 diceret
728 573 790 617 quasi
807 583 849 609 me-

21 644 124 681 tuendum
137 644 209 686 fuerit,
224 647 247 680 nt
261 644 328 681 iactas
343 655 377 681 res
393 654 537 681 assereremus
551 645 619 681 Deum
636 656 687 689 esse,
702 645 735 682 vel
751 645 849 682 divinam

22 720 41 753 et
54 716 199 753 necessariam
212 719 311 752 naturam
323 716 409 753 habere.
422 716 481 753 Adeo
496 720 537 753 stat
549 720 569 754 et
582 721 693 760 permanet
707 717 789 754 invicta
803 728 849 755 sen-

21 789 94 832 tentia,
108 789 180 826 omnia
194 790 321 827 necessitate
334 788 388 826 fieri.
397 802 407 825 >t
417 794 440 826 ²2.

76 862 157 899 «Ratio
174 865 194 900 et
208 862 331 899 Diatrihe1³
348 862 456 906 concedit,
470 863 539 900 Deum
555 862 628 901 onmia
644 864 667 899 in
684 863 784 901 omnihus
800 875 849 907 ope-

22 935 66 972 rari
80 946 105 972 ac
119 935 166 972 sine
178 935 226 978 ipso
241 935 297 971 nihil
310 935 357 972 fieri
371 946 411 973 nec
426 934 501 972 efficax
516 947 568 973 esse.
580 935 618 973 Est
632 936 691 973 euim
704 937 850 980 omnipotens,

23 1009 158 1053 pertinetque
176 1009 199 1045 id
216 1009 244 1045 ad
262 1008 443 1051 omnipotentiam
462 1019 529 1052 suam,
547 1012 571 1046 ut
588 1008 666 1046 Paulus
686 1010 715 1046 ait
734 1009 762 1047 ad
780 1009 850 1053 Ephe-

23 1080 66 1117 sios
74 1085 98 1118 14.
109 1080 155 1117 Iam
169 1081 232 1118 Satan
245 1084 265 1118 et
277 1080 342 1118 homo
355 1081 411 1124 lapsi
425 1085 445 1119 et
457 1081 537 1118 deserti
551 1093 562 1119 a
575 1081 620 1119 Deo
634 1092 677 1119 non
691 1085 783 1125 pos-sunt
795 1082 850 1118 velte

22 1154 110 1198 honum,
122 1154 164 1190 hoe
179 1156 210 1190 est
224 1164 317 1198 eaquae
331 1154 376 1191 Deo
390 1154 477 1198 placent
490 1158 527 1191 aut
540 1165 594 1199 quae
608 1154 665 1191 Deus
680 1155 731 1192 vult.
745 1153 787 1192 Sed
801 1156 851 1191 sunt

23 1227 45 1262 in
62 1238 100 1263 sua
117 1226 226 1264 desideria
242 1227 342 1264 conversi
358 1229 470 1270 perpetuo,
486 1230 568 1264 utnon
584 1227 670 1271 possint
686 1238 730 1264 non
746 1237 850 1271 quaerere

23 1310 77 1343 quae
88 1310 125 1336 sua
137 1302 193 1336 sunt.
204 1299 262 1336 Haec
272 1299 338 1343 igitur
349 1310 423 1337 eorum
435 1300 534 1336 voluntas
546 1302 567 1337 et
578 1302 655 1337 natura
667 1299 698 1336 sic
710 1310 722 1336 a
734 1300 779 1336 Deo
792 1310 851 1336 aver-

24 1382 47 1407 sa
62 1382 105 1408 non
121 1376 152 1408 est
166 1371 228 1408 nihii.
243 1372 316 1415 Neque
332 1372 389 1408 enim
405 1372 469 1409 Satan
484 1375 504 1409 et
519 1372 600 1416 impius
615 1372 679 1409 homo
696 1372 752 1408 nihil
768 1376 800 1409 est
816 1373 851 1408 aut

24 1444 105 1480 nullam
122 1447 221 1480 naturam
239 1447 275 1480 aut
291 1445 422 1480 voluntatem
440 1444 526 1486 habent,
543 1443 595 1480 licet
613 1446 737 1487 corruptam
756 1446 776 1479 et
792 1453 851 1479 aver-

23 1525 67 1552 sam
82 1500 181 1552 naturam
194 1515 294 1553 habeant.
309 1515 366 1552 Illud
379 1515 445 1559 igitur
458 1516 565 1560 reliquum
579 1515 638 1560 quod
651 1514 745 1552 dicimus
758 1518 848 1552 naturae

25 1588 47 1624 in
63 1588 132 1632 impio
146 1591 167 1626 et
183 1588 260 1626 Satana
275 1592 298 1625 ut
314 1591 412 1626 creatura
427 1591 447 1626 et
462 1599 516 1632 opus
532 1589 572 1626 Dei
586 1599 630 1626 non
646 1592 678 1626 est
694 1588 766 1625 minus
782 1587 852 1625 subie-

25 1665 83 1699 ctum
98 1661 269 1705 omnipotentiae
286 1665 306 1699 et
322 1661 403 1699 actioni
422 1662 508 1699 divinae
525 1672 589 1707 quam
606 1673 680 1699 omnes
698 1661 753 1699 aliae
770 1663 852 1698 creatu·

25 1745 61 1772 rae
76 1737 97 1772 et
112 1745 178 1779 opera
192 1734 239 1772 Dei.
254 1734 345 1778 Quando
362 1744 411 1778 ergo
428 1735 484 1771 Deus
502 1734 574 1771 omnia
589 1736 661 1771 movet
678 1737 698 1771 et
714 1734 764 1777 agit,
779 1744 852 1771 neces·

26 1807 83 1845 sario
98 1810 169 1845 movet
185 1807 249 1845 etiam
265 1810 285 1845 et
299 1807 343 1851 agit
358 1808 381 1844 in
398 1807 476 1845 Satana
491 1812 512 1845 et
527 1807 602 1850 impio.
617 1806 667 1850 Agit
683 1809 754 1844 autem
769 1806 792 1843 in
808 1806 852 1843 illis

25 1880 103 1924 taliter,
115 1880 188 1925 quales
199 1880 232 1916 iili
245 1883 295 1917 sunt
308 1883 328 1917 et
338 1880 412 1924 quales
425 1879 514 1924 invenit,
527 1880 569 1916 hoc
582 1881 619 1922 est,
632 1890 680 1916 cum
692 1879 725 1915 illi
738 1878 782 1916 sint
794 1889 853 1916 aver-

26 1951 44 1988 si
59 1956 79 1989 et
94 1952 145 1990 mali
161 1956 181 1989 et
196 1952 309 1996 rapiantur
324 1955 384 1989 motu
400 1952 436 1989 iilo
454 1951 540 1989 divinae
556 1949 734 1995 omnipotentiae,
749 1961 793 1988 non
809 1950 852 1987 nisi

26 2035 101 2062 aversa
114 2029 135 2063 et
148 2026 204 2062 maia
216 2025 306 2068 iaciunt,
320 2028 422 2069 tanquam
435 2025 453 2061 si
467 2035 530 2068 eques
545 2027 592 2067 agat
606 2034 684 2068 equum
699 2024 806 2066 tripedem
819 2023 853 2059 vel

25 2096 133 2142 bipedem,
148 2098 191 2140 agit
205 2097 293 2141 quidem
305 2097 384 2139 taliter,
397 2097 467 2140 qualis
482 2107 547 2140 equus
561 2098 599 2139 est,
613 2096 656 2133 hoc
671 2099 702 2134 est
717 2106 783 2140 equus
798 2096 853 2132 male

26 2169 115 2206 incedit.
130 2168 171 2206 Sed
185 2169 238 2213 quid
253 2169 319 2206 iaciat
332 2169 410 2213 eques?
424 2179 501 2212 equum
515 2168 579 2204 talem
594 2167 659 2204 simul
673 2168 779 2222 agit-cum
792 2166 853 2211 equis

27 2241 92 2284 sanis,
108 2239 223 2284 thomate,
239 2241 287 2277 istis
304 2240 365 2283 bene,
382 2240 445 2277 aliter
461 2250 505 2277 non
522 2241 599 2283 potest,
616 2240 660 2276 nisi
676 2250 743 2284 equus
760 2242 853 2276 sanetur.

27 2312 68 2349 ine
79 2312 141 2350 vides
151 2313 226 2357 Deum,
240 2324 289 2350 cum
302 2313 324 2349 in
336 2312 399 2350 malis
411 2315 431 2350 et
443 2323 482 2356 per
495 2313 563 2349 malos
577 2314 685 2355 operatur,
697 2312 753 2349 mala
766 2308 854 2356 quidem

27 2385 79 2430 fieri,
93 2387 161 2423 Deum
174 2389 246 2423 tamen
260 2396 303 2422 non
317 2396 381 2429 posse
393 2386 448 2422 male
462 2384 540 2429 tacere,
554 2384 605 2422 iicet
619 2383 675 2422 mala
689 2396 729 2428 per
742 2384 810 2422 malos
824 2384 854 2421 ia-

40 2581 42 2583 ·
75 2566 94 2587 12
108 2562 142 2594 616
157 2572 172 2594 s.

25 2636 27 2638 ·
77 2626 94 2649 1³
108 2622 161 2663 Opus
173 2622 256 2656 Erasini.

77 2688 95 2710 14
108 2683 150 2723 Eph
165 2684 181 2722 1,
196 2683 224 2716 19.

70 2799 171 2848 *Lanterna
183 2834 207 2838 —
219 2815 247 2848 Do
260 2807 327 2848 Gratia
340 2814 483 2853 Redemptoris.
