1952 3093
403 69 565 110 ψ383-ω’

46 187 127 224 tholica
142 187 241 224 doctrina
253 197 321 224 unum
334 187 403 224 Deum
415 198 467 236 esse,
480 198 546 224 unam
560 188 634 230 tidem,
648 198 715 224 unum
728 188 871 231 baptismam

46 260 136 298 ulterIus
153 259 284 305 inquirendo
302 260 405 304 progredi
424 261 485 298 nefas
503 263 587 298 est»4⁵.

100 333 158 371 Haec
174 333 274 371 doctrina
288 333 345 371 nihil
360 333 420 371 aliud
434 337 472 378 est,
486 344 550 379 qnam
566 334 685 378 applicatio
699 334 817 378 principii:
836 333 873 371 Fa-

47 406 114 442 cienti
126 405 184 449 quod
198 406 263 443 estin
277 416 300 442 se
312 406 369 442 Deus
382 416 426 442 non
439 406 530 452 denegat
543 406 640 449 gratiam.
654 406 700 443 Hoc
713 407 799 443 axioma
813 406 873 443 vario

47 476 135 523 quidem
151 477 216 516 modo
233 477 325 522 intelligi
342 480 414 522 potest
430 481 450 516 et
465 477 599 516 intellectum
616 481 648 516 est
655 482 682 525 46;
699 478 762 516 multi
779 478 873 522 theologi

49 551 201 589 intellexerunt
217 551 272 589 illud
288 554 309 589 et
326 551 449 595 intelligunt
466 562 531 590 sensu
549 552 660 596 negativae
678 551 830 596 dispositionis
847 551 875 589 ad

49 624 197 667 recipiendam
216 616 308 667 gratiani
327 625 433 661 actualem
451 626 637 668 supernaturalem
644 629 669 662 ⁴⁷.
688 624 825 668 Principium
843 624 875 661 sic

50 695 182 732 intellectum
201 699 233 732 est
250 696 327 732 modus
346 696 448 739 specialis
467 696 622 733 considerandi
641 697 676 733 vel
692 696 821 734 enuntiandi
840 706 875 732 vo-

51 770 153 807 luntatem
168 769 209 806 Dei
226 768 348 806 salvificam
365 768 517 807 universalem.
533 768 565 805 Ex
582 768 623 806 hac
640 769 698 806 enim
715 768 772 806 seria
789 772 810 805 et
827 779 876 813 ope-

51 851 100 878 rosa
116 842 225 879 voluntate
240 841 298 879 Deus
313 842 358 879 vult
374 841 474 881 conferre
491 842 572 880 auxilia
590 842 712 879 necessaria
730 842 758 879 ad
775 842 875 885 salntem,

51 917 208 957 consequenter
224 914 281 952 Deus
296 914 387 957 gratiam
406 914 466 951 dabit
482 914 573 957 homini,
591 916 628 958 qui
645 924 689 952 non
706 914 769 957 ponit
785 914 877 958 impedi-

52 989 146 1023 mentum
163 990 239 1023 contra
254 986 345 1029 gratiam
360 996 400 1029 per
415 989 535 1030 peccatum.
552 986 574 1024 Si
591 986 649 1024 enim
665 987 704 1023 tali
719 986 804 1023 homini
820 986 877 1023 Deus

51 1059 142 1103 gratiam
167 1059 287 1103 denegaret,
313 1059 398 1102 signum
417 1062 473 1097 esset
490 1070 533 1097 non
553 1060 628 1098 adesse
648 1060 727 1097 sertam
745 1059 877 1097 voluntatem

53 1131 174 1169 salvificam
191 1132 343 1170 universalem.
361 1131 408 1169 Non
427 1142 509 1176 ponere
528 1133 709 1176 impedimentum
726 1131 814 1176 gratiae,
834 1142 878 1169 non

53 1216 143 1251 peccare
158 1206 209 1243 fieri
222 1209 293 1250 polest
307 1217 348 1251 per
361 1210 421 1243 actus
433 1209 543 1245 entitative
556 1208 671 1246 naturales.
683 1207 746 1243 Tales
759 1210 820 1244 actus
835 1217 878 1243 non

54 1281 103 1316 sunt
122 1278 237 1323 dispositio
256 1279 350 1323 positiva
370 1279 397 1317 ad
416 1279 513 1324 gratiam,
533 1279 571 1317 sed
590 1280 696 1323 negativa,
715 1279 738 1316 id
757 1282 789 1317 est
807 1279 879 1320 homo.

54 1353 91 1396 qui
105 1362 149 1389 non
163 1352 279 1390 committit
290 1354 404 1395 peccatum
417 1352 507 1389 mortale
521 1353 593 1390 minus
605 1353 750 1396 indispositus
765 1355 797 1389 est
808 1352 836 1389 ad
849 1363 880 1389 re·

55 1423 180 1467 cipiendam
196 1424 294 1469 gratiam,
311 1434 377 1468 quam
392 1424 429 1460 1116
447 1425 484 1469 qui
502 1427 584 1467 peccat.
601 1423 628 1461 Et
644 1424 685 1461 'noc
702 1428 734 1460 est
751 1425 809 1468 qnod
827 1424 881 1460 dicit

56 1495 133 1533 thesis:
152 1496 210 1534 Deus
227 1496 487 1541 infidelemnegativum,
504 1497 542 1541 qui
560 1499 664 1541 quantum
682 1497 704 1533 in
723 1507 745 1533 se
764 1499 796 1534 est
812 1496 880 1540 legem

55 1569 175 1606 naturalem
187 1569 293 1613 observat,
307 1573 328 1607 et
341 1579 385 1606 non
399 1573 481 1614 peccat,
493 1569 583 1614 iuvabIt,
595 1572 619 1607 nt
633 1569 716 1606 actibus
730 1571 881 1612 supernatura·

56 1641 112 1678 libus
126 1642 219 1684 positive
234 1653 257 1679 se
273 1641 389 1685 disponere
404 1643 474 1685 possit
489 1641 516 1678 ad
531 1641 718 1679 iustificationem.

375 1808 427 1847 Doc.
442 1807 562 1847 Eocunsmu

110 1940 239 1977 Annxsivonn
251 1940 300 1977 VIII
314 1941 424 1978 damnavit
438 1951 522 1978 errores
535 1941 714 1977 iansenisfarum:
731 1953 742 1975 a
751 1941 769 1978 4.
785 1938 883 1977 Christus

60 2012 119 2050 dedit
133 2012 272 2057 semetispum
285 2023 326 2057 pro
340 2012 405 2052 nohis
417 2013 549 2051 oblationem
561 2013 613 2056 Deo,
627 2023 670 2050 non
684 2023 725 2056 pro
738 2012 790 2050 solis
803 2012 884 2056 electIs,

59 2085 97 2122 sed
111 2096 151 2129 pro
165 2084 266 2123 omnibus
281 2088 302 2124 ef
316 2085 368 2124 solis
381 2085 491 2123 fidelihus.
505 2108 532 2113 —
548 2087 566 2123 5.
580 2085 667 2130 Pagani‚
682 2084 763 2129 Iudaei,
778 2085 883 2122 haeretici

60 2157 139 2202 aliique
153 2157 217 2195 huius
232 2158 317 2201 generis
332 2158 415 2195 nullum
429 2158 520 2205 omnino
534 2158 646 2201 accipiunt
660 2169 672 2194 a
686 2157 735 2195 Iesu
749 2156 837 2195 Christo
852 2158 884 2194 in-

60 2229 153 2267 tluxum:
171 2230 267 2274 adeoque
284 2230 336 2267 hinc
354 2234 411 2268 recte
428 2231 516 2274 inferes,
533 2232 555 2266 in
573 2230 617 2267 illis
634 2241 680 2268 esse
697 2230 830 2267 voluntatem
848 2240 884 2266 nu-

60 2283 109 2339 dam
125 2306 146 2340 et
161 2303 266 2340 inermem
283 2303 331 2340 sine
347 2295 407 2340 omni
422 2303 490 2345 gratia
508 2292 695 2340 sufficientiam

109 2440 127 2461 44
139 2435 182 2475 Eph
195 2436 212 2475 4,
226 2437 242 2469 5.

110 2499 127 2522 15
140 2496 187 2529 Pius
202 2495 235 2535 IX;
249 2496 302 2529 Denz
316 2496 368 2529 1641.

110 2551 167 2589 41116
177 2556 238 2589 variIs
249 2556 431 2595 significationibus
442 2556 502 2589 huius
513 2558 619 2590 axiomatis
631 2560 676 2590 vide
687 2558 748 2591 Pesch
759 2567 788 2591 nr.
799 2557 888 2595 ato-atta

63 2617 126 2656 Lange
138 2616 223 2651 237-246.

110 2681 128 2702 4⁷
142 2677 205 2716 Supra
216 2685 259 2716 pag.
273 2677 313 2711 138.

111 2740 128 2762 ⁴⁸
141 2737 194 2771 Denz
207 2737 254 2771 1294
267 2747 282 2771 s.
