1952 3093
117 279 129 315 l.
143 281 220 319 systema
234 279 361 314 Banezlanlsmi.

170 408 227 445 Deus
238 408 283 445 vult
293 417 368 444 omnes
379 407 479 445 homines
491 408 561 445 salvos
572 407 626 450 fieri,
637 406 680 443 nisi
691 418 730 450 per
742 407 831 444 salutem
843 406 939 443 omnium

120 480 207 518 altiores
222 479 275 517 fines
292 479 457 523 impedirentur.
476 480 537 523 Quod
554 490 603 516 curn
619 479 649 515 ita
666 479 700 522 sit,
717 479 774 515 Deus
790 478 942 516 antecedenter

120 552 148 589 ad
161 551 285 595 praevisum
299 551 380 589 bonurn
396 552 429 589 vel
444 552 523 605 malum
537 562 599 588 usum
613 550 678 587 liberi
692 550 777 588 arbitrii
792 550 859 587 creati
875 550 942 587 deter-

120 624 213 661 minatos
230 624 313 667 aliquos
328 623 428 660 homines
444 623 474 660 ad
491 623 656 661 determinatum
673 622 763 666 gradum
778 622 859 665 gloriae
877 626 942 659 aeter-

120 706 160 733 nae
176 696 238 739 elegit
258 695 436 738 (praedestinatio
454 695 481 732 ad
495 695 586 739 gloriam
602 694 700 737 praecise
717 697 802 738 sumpta
819 696 868 731 ante
882 704 943 737 prae·

121 767 167 805 visa
183 766 277 811 merita);
293 766 389 811 reliquos
403 767 425 804 in
443 767 518 804 eodem
534 767 594 810 signo
611 766 702 804 rationis
718 765 791 803 omisit
811 765 942 809 (reprobatio

121 839 219 883 negativa
237 838 383 880 antecedens).
400 838 557 876 Praedestinati
575 841 645 875 autern
663 838 754 882 gloriam
772 841 881 875 aeternam
900 837 941 875 sibi

120 911 198 948 mereri
212 910 300 954 debent;
314 913 431 954 propterea
443 912 509 948 vitam
524 921 596 948 eorum
611 910 668 947 Deus
682 910 712 947 ita
725 910 818 953 ordinat,
833 910 884 946 talia
897 909 942 946 illis

120 982 180 1026 eligit
193 982 270 1024 media,
285 982 364 1027 quibus
378 983 401 1019 in
416 985 485 1020 morte
498 982 640 1019 inveniuntur
654 982 677 1018 in
691 984 747 1019 statu
761 981 842 1025 gratiae
857 983 878 1018 et
893 991 941 1018 cum

121 1065 146 1091 eo
165 1054 248 1096 merito,
268 1054 326 1098 quod
345 1054 501 1098 correspondet
519 1053 599 1098 gloriae
619 1056 682 1091 antea
700 1053 744 1090 illis
763 1053 943 1097 praedestinat-ae.

121 1126 188 1163 Debet
201 1135 251 1168 ergo
266 1130 424 1170 consequenter
438 1126 465 1163 ad
479 1126 598 1163 absolutam
611 1124 739 1162 electionem
753 1125 781 1162 ad
794 1124 885 1169 gloriam
899 1124 943 1161 illis

123 1198 173 1234 dare
187 1197 268 1234 donum
279 1198 453 1241 perseverantiae
465 1201 486 1234 et
496 1198 576 1241 gratias
588 1197 685 1235 efficaces
697 1198 734 1241 ita,
746 1200 769 1234 ut
782 1197 808 1234 de
819 1197 877 1234 iacto
890 1196 944 1233 illud

122 1269 222 1307 meritum
235 1269 277 1306 sibi
290 1270 410 1314 acquirant.
422 1269 471 1306 Vita
482 1280 532 1307 vero
547 1280 620 1307 eorum
633 1270 670 1313 qui
684 1272 734 1306 sunt
745 1269 898 1306 antecedenter
910 1278 945 1304 ne-

123 1341 193 1384 gative
205 1341 316 1384 reprobati
330 1341 360 1378 ita
375 1342 498 1378 ordinanda
512 1345 550 1384 est,
561 1344 586 1378 ut
600 1351 644 1378 non
657 1341 778 1378 moriantur
792 1341 815 1377 in
831 1343 886 1377 statu
900 1348 945 1384 gra·

124 1412 175 1458 tiae3
194 1413 272 1450 debent
290 1423 339 1456 ergo
356 1413 455 1456 accipere
473 1414 551 1456 gratias
568 1423 622 1456 quae
639 1412 732 1450 finaliter
749 1415 798 1450 sunt
815 1422 873 1448 mere
891 1410 946 1448 suffi-

123 1484 236 1533 cientesu.

173 1556 260 1593 Auxilia
274 1558 355 1600 gratiae
371 1556 470 1598 efficacis,
486 1557 564 1601 quibus
578 1557 635 1594 Deus
651 1558 730 1594 electos
747 1557 774 1594 ad
788 1557 854 1595 finem
868 1558 945 1601 perdu-

124 1629 159 1672 cit,
174 1627 230 1665 nihil
244 1628 303 1665 aliud
318 1631 374 1672 sunt,
389 1639 453 1673 quam
467 1629 711 1671 praedeterminationes
725 1628 829 1672 physicae
845 1629 945 1667 adactus

124 1700 234 1737 salutares.
246 1700 453 1737 Praedeterminatio
464 1703 534 1736 autem
545 1700 636 1744 physica
649 1703 680 1737 est
691 1711 729 1738 ens
740 1704 842 1744 creatum,
854 1701 877 1737 in
890 1711 947 1738 crea-

124 1775 172 1808 tura
182 1775 300 1815 receptum,
311 1771 370 1816 qnod
383 1776 414 1809 est
426 1782 490 1809 causa
501 1772 593 1815 physica
606 1775 672 1815 actus,
685 1772 743 1816 quod
755 1772 777 1809 in
792 1772 853 1816 signo
863 1776 947 1810 antece-

126 1844 189 1881 dente
205 1844 232 1881 ad
246 1845 359 1888 propriam
376 1844 577 1881 determinationem
593 1847 713 1881 ereaturam
729 1844 820 1882 liberam
836 1845 863 1882 ad
880 1845 947 1882 deter-

64 1942 65 1945 ,
125 1917 230 1953 minatum
243 1919 314 1952 actum
325 1916 450 1959 ponendum
464 1915 592 1953 determinat
603 1916 633 1953 ita
644 1920 668 1953 ut
678 1917 749 1959 posito
761 1917 803 1953 hoc
815 1918 862 1953 ente
876 1920 947 1954 creato

124 1992 228 2031 repugnet
241 1991 311 2025 actum
324 1998 367 2025 non
381 1988 434 2030 poni
448 1991 468 2024 et
479 1987 566 2031 quidem
579 1988 647 2025 libere
658 1988 718 2031 poni.
730 1988 780 2026 Sine
793 1988 946 2032 praedetermi-

126 2060 214 2097 natione
229 2064 289 2097 actus
304 2059 350 2097 fieri
366 2069 409 2097 non
425 2062 504 2103 potest;
521 2060 607 2097 collatio
623 2063 693 2097 autem
708 2060 772 2097 huius
787 2060 843 2099 entis
859 2063 948 2098 nonest

127 2132 149 2167 in
166 2134 270 2175 potestate
288 2134 405 2174 creaturae,
423 2131 460 2169 sed
477 2142 488 2167 a
507 2131 551 2168 sola
568 2132 677 2169 voluntate
692 2132 732 2169 Dei
748 2133 834 2175 pendet.
853 2132 905 2170 Cum
923 2133 949 2170 de

127 2203 360 2246 praedeterminatione
376 2203 467 2247 physica
485 2203 565 2240 dictum
581 2204 608 2240 sit
623 2204 646 2240 in
661 2207 752 2242 tractatu
767 2204 798 2241 De
812 2204 857 2242 Deo
873 2208 949 2247 un0⁵⁶‚

127 2275 218 2313 sufficiat
231 2275 268 2312 hic
282 2287 351 2319 pauca
365 2286 454 2319 ponere⁴
470 2274 588 2313 «Efficacia
604 2276 679 2313 auxilii
694 2276 854 2320 praevenientis
868 2276 948 2321 gratiae

128 2351 148 2384 et
163 2348 269 2385 connexio
284 2348 329 2385 eins
343 2347 467 2384 infallibilis
483 2358 531 2384 cum
546 2347 614 2385 libera
629 2349 782 2391 cooperatione
797 2348 889 2393 arbitrii,
905 2351 949 2386 tota

128 2420 231 2457 fundatur
244 2423 264 2457 et
279 2420 404 2462 desumitur,
417 2422 525 2463 tamquam
540 2431 566 2456 ex
579 2420 649 2463 prima
663 2419 737 2458 radice
751 2432 777 2458 ex
792 2420 949 2464 omnipotentia

127 2491 173 2533 Dei,
189 2495 251 2536 atque
266 2504 290 2528 ex
307 2492 404 2529 absoluto
421 2495 441 2528 et
457 2490 538 2528 efficaci
555 2492 640 2529 decreto
656 2493 772 2529 voluntatis
789 2493 834 2529 eius
850 2493 949 2535 volentis,

175 2642 231 2674 ³15·Dc
246 2642 284 2673 Deo
301 2652 345 2677 nno,
359 2641 386 2672 De
399 2639 584 2678 praedestinatione.

176 2700 192 2721 7*ss
205 2696 261 2728 Thes.
276 2696 291 2728 9.
