1952 3093
445 13 566 50 -128-

92 139 171 182 gradus
187 138 387 182 intellectualitatis,
403 139 441 183 qui
457 138 526 175 estin
542 138 617 175 divina
633 140 716 181 natura,
733 137 808 174 divino
823 137 918 180 quodam

94 214 115 248 et
132 210 292 254 supernaturali
310 210 375 248 modo
393 210 538 254 participatur
554 220 594 253 per
610 209 743 247 habitualem
761 209 859 253 gratiam,
876 220 918 253 quo

93 283 182 327 quidem
196 283 261 319 modo
275 292 287 319 a
302 283 361 318 nulla
376 282 496 319 substantia
509 284 582 319 creata
596 292 636 325 per
651 292 672 318 se
688 281 764 324 ipsam,
779 281 814 317 vel
828 291 868 324 per
882 292 919 325 po-

93 355 183 391 tentiam
198 354 240 391 sibi
254 355 374 391 naturalem
387 353 517 397 participari
531 356 608 397 potest.
624 352 686 396 Quod
700 364 727 390 ex
740 352 845 396 primario
862 352 919 390 obie-

94 429 129 463 cto
144 425 214 462 divini
228 426 351 463 intellectus
367 426 508 463 declaratur...
521 425 601 461 Divina
615 425 674 462 enim
689 424 783 461 essentia
796 424 820 461 in
835 425 919 462 ratione

94 497 174 535 obiecti
187 497 332 541 intelligibilis
345 498 368 534 in
382 508 404 535 se
416 500 436 534 et
448 508 488 542 per
501 496 608 535 visionem
619 497 743 534 intuitivam
757 497 784 533 ad
798 497 869 540 ipsam
880 497 919 533 Dei

94 570 210 606 essentiam
224 569 349 606 immediate
363 569 507 612 terminatam,
522 569 576 606 adeo
590 572 622 605 est
635 569 717 606 elevata
731 572 751 605 et
765 568 873 605 excellens
888 579 920 605 ra-

95 642 153 678 tione
171 641 301 685 purissimae
320 641 451 678 actualitatis
468 643 490 678 et
508 641 699 678 immaterialitatis
715 651 772 684 suae,
790 644 814 677 ut
831 651 843 677 a
861 641 920 678 nulla

95 712 215 750 substantia
232 713 373 750 intellectuali
389 713 459 756 possit
476 713 647 750 connaturaliter
663 712 734 749 videri
750 712 794 749 nisi
812 723 824 749 a
842 712 920 755 seipsa.

94 785 136 821 Per
147 785 239 828 gratiam
252 795 303 822 vero
317 788 337 821 et
350 785 407 822 dona
419 785 592 828 supernaturalia
604 786 700 822 elevatur
712 787 790 821 natura
803 788 876 821 creata
889 784 920 820 in-

95 857 223 893 tellectualis
240 857 267 893 ad
281 856 473 900 participationem
488 856 547 893 illius
562 857 641 900 gradus
657 856 851 893 intellectualitatis
867 856 921 893 divi-

96 938 142 971 nae,
157 928 180 964 in
194 939 237 972 quo
251 928 321 971 possit
335 928 443 965 obiectum
455 928 511 965 illud
524 927 662 971 intelligibile
677 928 764 965 divinae
778 928 883 968 essentiae
897 928 920 964 in

96 1011 118 1036 se
132 1000 219 1037 intueri.
234 999 260 1036 Et
274 1000 302 1037 ad
314 1000 372 1037 hunc
384 999 450 1036 finem
463 1011 503 1043 per
516 1010 539 1037 se
552 1000 624 1043 primo
639 1000 718 1037 dantur
733 1000 790 1038 dona
804 999 921 1036 habitualis

83 1061 85 1065 ’
96 1071 177 1115 gratiae
189 1074 210 1109 et
221 1074 379 1116 consequenter
389 1072 418 1109 ad
428 1071 485 1109 alios
496 1074 557 1110 actus
569 1071 666 1109 eiusdem
679 1071 764 1109 ordinis
776 1071 809 1108 illi
820 1070 859 1108 fini
872 1082 922 1109 con-

96 1146 231 1180 sentaneos...
247 1143 302 1187 Quia
316 1154 367 1180 vero
383 1153 471 1180 necesse
487 1147 519 1180 est
534 1154 621 1180 omnem
635 1143 827 1187 participationem
844 1143 922 1180 divini-

97 1215 147 1252 tatis
163 1214 248 1252 infinite
264 1214 290 1252 ab
305 1215 344 1252 illa
358 1215 439 1252 distare
455 1215 478 1251 in
495 1215 560 1252 modo
577 1215 664 1252 essendi
681 1218 701 1252 et
716 1215 855 1259 subsistendi,
872 1215 921 1252 ideo

97 1296 141 1323 non
153 1289 245 1331 oportet,
255 1290 279 1323 ut
289 1287 359 1330 gratia
370 1286 488 1330 participet
497 1287 559 1323 illum
570 1287 660 1330 gradum
673 1286 759 1324 divinae
771 1289 860 1324 naturae
872 1298 922 1331 qua-

98 1361 160 1395 tenus
176 1358 247 1395 estin
263 1358 309 1395 Deo
325 1369 374 1395 cum
391 1369 474 1396 summa
490 1358 613 1395 actualitate
628 1369 668 1402 per
684 1358 805 1402 essentiam,
822 1360 857 1395 vel
873 1369 922 1396 curn

98 1440 182 1467 summa
199 1430 346 1474 simplicitate,
363 1429 469 1467 infinitate
487 1433 508 1467 et
526 1430 634 1467 similibus
651 1430 822 1474 proprietatibus
841 1431 922 1468 incom-

98 1501 267 1538 municabilibus
283 1504 405 1546 creaturae3
423 1501 462 1539 sed
479 1502 532 1539 satis
548 1505 585 1546 est,
603 1505 627 1539 ut
643 1501 734 1546 gradum
751 1503 823 1545 ipsum
841 1502 923 1539 intelle·

99 1573 176 1610 ctualis
191 1576 281 1610 naturae
296 1574 392 1616 potentis
407 1572 515 1611 obiectum
530 1584 629 1616 supreme
644 1574 781 1617 intelligibile
796 1574 820 1610 in
835 1555 858 1611 se
874 1574 922 1618 ipso

100 1645 210 1688 attingere,
225 1645 361 1688 participet»
371 1648 404 1681 1³¹⁵.

150 1715 205 1754 ‘Cum
220 1716 263 1753 hac
278 1720 354 1753 natura
370 1716 435 1753 homo
451 1716 532 1760 accipit
548 1717 612 1754 etiam
629 1718 737 1760 potentias
753 1718 787 1754 vel
804 1718 923 1761 facultates,

99 1788 189 1825 virtutes
202 1788 292 1833 infusas,
304 1788 332 1825 ad
346 1788 465 1826 eliciendos
479 1791 545 1832 actus,
559 1789 596 1833 qui
610 1789 661 1826 huic
674 1792 762 1826 naturae
776 1791 797 1826 et
810 1790 875 1826 statui
887 1790 923 1826 ho-

99 1860 165 1897 minis
180 1859 280 1904 deificati,
294 1860 334 1897 fflii
348 1860 388 1897 Dei
403 1860 507 1904 adoptivi.
524 1860 562 1897 sed
577 1861 600 1897 in
615 1861 655 1897 hac
671 1864 728 1898 terra
744 1861 815 1898 adhuc
830 1862 853 1897 in
868 1864 923 1898 statu

100 1931 147 1969 viae
162 1932 265 1975 degentis,
279 1932 418 1969 conveniunt.

154 2014 190 2052 Go
199 2025 213 2050 n
222 2019 249 2052 et
264 2026 313 2052 cum
328 2015 376 2052 aliis
392 2018 466 2053 censet
479 2024 519 2059 per
531 2016 622 2059 gratiam
636 2016 766 2060 participari
781 2020 879 2053 naturam
894 2017 925 2053 di-

100 2087 173 2124 vinam
187 2090 211 2123 ut
225 2091 256 2124 est
270 2090 330 2124 aetus
345 2098 418 2131 purus,
433 2098 470 2124 ens
485 2087 600 2131 infinitum,
615 2099 661 2125 esse
675 2083 868 2132 imparticipatum.
884 2088 925 2126 Sed

99 2159 153 2195 haec
166 2159 272 2196 sententia
284 2169 328 2197 non
341 2159 427 2196 videtur
439 2159 582 2204 admittenda3
596 2170 646 2197 nam
656 2163 681 2197 ut
691 2163 749 2198 recte
762 2163 822 2198 notat
834 2160 922 2198 Suarez:

101 2242 145 2267 «eo
157 2231 206 2274 ipso
220 2231 278 2275 quod
292 2232 391 2268 divinum
404 2242 451 2269 esse
464 2231 615 2275 participatur,
629 2242 673 2269 non
687 2232 837 2277 participatur,
849 2235 874 2270 nt
886 2233 925 2269 im-

101 2302 256 2346 participatum
270 2306 302 2340 est
309 2316 319 2339 »
326 2306 362 2340 ³¹³2

154 2386 244 2429 Ripa]
254 2386 321 2423 da³3²³
336 2390 397 2430 putat
411 2386 602 2430 participationem
617 2391 706 2424 naturae
722 2388 808 2425 divinae
823 2389 925 2426 consiste-

151 2551 177 2572 136
191 2547 268 2586 suarez,
280 2548 307 2580 De
317 2548 381 2586 gratia
392 2548 405 2580 1.
416 2547 432 2586 7,
443 2558 484 2586 cap.
497 2549 505 2580 1
517 2558 546 2581 nr.
559 2548 580 2581 30
592 2559 606 2581 s.

149 2610 177 2631 1³?
191 2608 218 2639 De
232 2608 296 2645 gratia
311 2603 354 2645 117,
368 2618 409 2646 cap.
425 2608 440 2647 1,
454 2618 483 2640 nr.
497 2608 525 2640 27.

150 2671 177 2692 1³8
190 2668 217 2699 De
234 2671 278 2700 ente
295 2668 448 2707 supernaturali,
466 2669 515 2707 disp.
534 2669 572 2708 132,
590 2679 605 2701 s.
623 2670 638 2707 9,
656 2680 684 2702 nr.
702 2670 742 2702 105.
808 2701 809 2704 ,
