1952 3093
376 72 497 110 -139-

22 204 130 243 obiectum
145 203 217 240 meriti
232 203 302 247 ipsius
316 203 438 246 peccatoris
452 202 590 240 iustificandi.
605 203 705 240 Meritum
720 201 850 246 intelligitur

23 277 45 313 in
57 275 98 312 hac
109 278 171 319 parte
182 276 208 312 de
221 275 336 318 condigno.
348 274 380 311 lta
390 275 500 312 intellecta
509 275 563 312 haee
576 285 626 319 pars
638 278 670 312 est
682 274 768 312 deiide.

338 490 389 527 Doc.
407 489 528 528 Eccnnsmn

78 647 142 685 Cone.
155 656 307 684 rmnnurntuu
321 657 373 685 sess.
388 646 399 684 b
414 657 461 690 cap.
475 648 486 683 7
502 657 589 684 causam
602 647 735 684 meritoriam
749 646 850 683 iustifica-

24 718 90 757 tionis
104 720 173 756 solum
185 719 281 763 assignat
292 719 411 756 Dominum
425 721 522 756 nostrum
536 718 607 756 Iesum
620 717 729 756 Christum
737 722 752 755 ⁵.
766 717 850 755 Deinde

25 802 71 835 cap.
85 791 104 829 8.
119 790 214 835 explicat
227 790 337 835 quomodo
351 791 493 834 intelligenda
508 791 552 827 sint
566 791 633 828 verba
646 791 750 834 Apostoli,
766 801 805 828 nos
818 797 850 827 ‘ru-

25 862 114 900 stificari
126 862 199 907 gratis,
212 874 237 900 eo
251 863 310 900 enim
324 873 394 906 sensu,
409 874 492 907 «quem
506 864 623 906 perpetuus
636 861 747 900 Ecclesiae
761 862 850 900 catholi-

24 945 62 972 cae
75 945 193 972 consensus
205 935 275 972 tenuit
288 938 309 972 et
322 933 454 978 expressit»,
467 934 551 972 scilicet
565 934 623 978 quod
637 934 723 978 «gratis
735 937 806 971 autem
819 934 850 971 iu-

24 1006 114 1044 stificari
126 1007 175 1045 ideo
190 1006 294 1050 dicamur,
307 1006 358 1050 quia
371 1006 428 1043 nihil
441 1017 521 1049 eorum,
535 1017 589 1051 quae
601 1006 777 1043 iustificationem
790 1017 850 1049 prae-

25 1078 110 1123 cedunt,
127 1078 172 1115 sive
186 1078 240 1116 fides
256 1079 301 1116 sive
317 1089 384 1122 opera
399 1079 470 1121 ipsam
484 1078 645 1116 iustificationis
659 1078 751 1122 gratiam
767 1089 851 1121 prome·

25 1153 93 1195 retum
107 1150 201 1188 sienim
215 1150 285 1194 gratia
299 1154 330 1187 est
345 1150 388 1187 iam
404 1161 448 1188 non
464 1162 490 1187 ex
505 1150 614 1195 operibus,
630 1150 727 1194 alioquin
746 1150 777 1191 (ut
793 1149 850 1187 idem

25 1221 140 1265 Apostolus
154 1222 232 1266 inquit)
247 1222 316 1265 gratia
329 1222 374 1259 iam
387 1233 431 1259 non
444 1226 476 1259 est
489 1222 577 1265 gratia»
587 1226 601 1259 θ.

364 1438 383 1474 S.
395 1437 515 1475 SCRIPTUM

80 1592 134 1630 Rom
149 1593 205 1636 324:
225 1593 354 1630 «iustificati
370 1594 436 1636 gratis
450 1604 490 1636 per
504 1593 596 1636 gratiam
611 1593 680 1637 ipsius
689 1605 707 1637 >>,
722 1593 770 1636 ipsa
787 1592 853 1629 verba

26 1675 80 1708 quae
93 1664 211 1701 concilium
222 1664 367 1702 tridentinum
378 1665 479 1708 explicat.
488 1688 516 1692 —
527 1665 546 1711 4,
559 1665 569 1701 1
582 1675 609 1702 ss.
621 1665 722 1708 ostendit,
735 1665 753 1702 si
765 1676 791 1702 eir
802 1675 853 1708 ope-

27 1735 87 1773 ribus
101 1739 157 1774 esset
169 1736 301 1780 iustificatio,
317 1739 372 1774 esset
387 1737 506 1774 secundum
522 1736 624 1780 debitum,
640 1739 660 1774 et
673 1747 717 1773 non
733 1736 853 1774 secundum

27 1807 127 1852 gratiam3
145 1807 270 1846 iustificatio
288 1810 359 1845 autem
378 1811 410 1845 esi
428 1809 548 1846 secundum
565 1808 703 1852 propositum
721 1808 809 1852 gratiae.
826 1831 854 1835 —

28 1880 59 1922 11,
76 1878 87 1916 6
104 1879 162 1916 idem
177 1880 251 1917 statuit
267 1879 402 1924 principium
419 1891 431 1917 a
446 1880 540 1918 concilio
557 1880 677 1917 tridentino
695 1880 795 1917 citatum:
815 1880 854 1917 «si

28 1953 98 1988 autem
115 1951 184 1995 gratia
199 1951 243 1988 iarn
260 1961 305 1989 non
323 1962 349 1988 ex
366 1951 479 1995 operibus:
500 1951 597 1996 alioquin
613 1952 682 1996 gratia
699 1952 742 1989 iam
760 1962 804 1989 non
823 1955 854 1989 est

26 2022 95 2065 gratia
103 2035 122 2059 ».
134 2045 163 2050 -
174 2021 223 2066 Eph
237 2023 256 2066 2,
269 2023 292 2060 8:
309 2023 397 2066 «gratia
410 2024 469 2060 enim
483 2024 535 2061 estis
548 2024 625 2061 salvati
638 2034 678 2068 per
691 2023 762 2068 fidem,
777 2027 798 2061 et
811 2024 853 2061 hoc

27 2104 71 2131 non
89 2105 114 2131 ex
130 2094 203 2132 vobis:
222 2094 262 2131 Dei
279 2095 337 2132 enim
355 2095 435 2132 donum
451 2098 489 2139 est,
506 2106 550 2133 non
567 2106 593 2132 ex
610 2094 720 2139 operibus,
737 2098 761 2133 ut
776 2096 853 2140 nequis

27 2165 157 2209 glorietur».
172 2166 249 2203 —Tit
265 2166 284 2210 3,
300 2167 311 2203 4
328 2177 359 2203 ss:
379 2166 452 2204 «Cum
469 2170 539 2205 autem
555 2166 678 2210 benignitas
694 2170 715 2204 et
728 2167 853 2205 humanitas

28 2237 129 2281 apparuit
143 2237 261 2275 Salvatoris
276 2238 345 2275 nostri
359 2238 405 2282 Dei,
419 2249 463 2276 non
480 2250 505 2276 ex
520 2238 623 2283 operibus
637 2239 740 2283 iustitiae,
755 2250 810 2284 quae
824 2240 853 2277 fe-

27 2309 96 2346 cimus
109 2320 155 2354 nos,
166 2309 207 2347 sed
220 2310 339 2347 secundum
353 2321 413 2347 suam
426 2310 600 2348 misericordiam
612 2311 683 2349 salvos
695 2321 735 2349 nos
749 2311 802 2349 fecit
815 2322 854 2355 per

26 2380 138 2417 lavacrum
153 2381 330 2426 regenerationis,
346 2385 366 2419 et
380 2382 529 2420 renovationis
546 2381 639 2426 Spiritus
655 2382 769 2420 Sancti...
785 2386 809 2420 ut
823 2383 854 2420 iu-

28 2451 114 2489 stificati
123 2452 192 2496 gratia
200 2452 276 2496 ipsius,
285 2453 377 2491 heredes
387 2454 454 2491 simus
462 2453 581 2491 secundum
591 2465 651 2498 spem
661 2454 718 2492 vitae
728 2457 827 2492 aeternae
836 2467 854 2491 ».

27 2544 34 2550 -
45 2523 76 2561 Gi.
85 2524 108 2561 Io
118 2524 149 2569 15,
160 2524 178 2561 l.

75 2673 154 2706 snenz.
169 2674 208 2706 799.

75 2737 83 2758 ⁶
96 2734 155 2766 Denz.
168 2734 208 2766 801.
