<?xml version="1.0" encoding="UTF-8"?>
<!DOCTYPE html PUBLIC "-//W3C//DTD XHTML 1.0 Transitional//EN"
    "http://www.w3.org/TR/xhtml1/DTD/xhtml1-transitional.dtd">
<html xmlns="http://www.w3.org/1999/xhtml" xml:lang="en" lang="en">
 <head>
  <title>
</title>
<meta http-equiv="Content-Type" content="text/html;charset=utf-8" />
  <meta name='ocr-system' content='tesseract 3.04.00' />
  <meta name='ocr-capabilities' content='ocr_page ocr_carea ocr_par ocr_line ocrx_word'/>
</head>
<body>
  <div class='ocr_page' id='page_1' title='image "./MN41638ucmf_6_0315.png"; bbox 0 0 1952 3093; ppageno 0'>
   <div class='ocr_carea' id='block_1_1' title="bbox 382 70 504 110">
    <p class='ocr_par' dir='ltr' id='par_1_1' title="bbox 382 70 504 110">
     <span class='ocr_line' id='line_1_1' title="bbox 382 70 504 110; baseline -0.008 0"><span class='ocrx_word' id='word_1_1' title='bbox 382 70 504 110; x_wconf 84' lang='lat'><strong>-291-</strong></span> 
     </span>
    </p>
   </div>
   <div class='ocr_carea' id='block_1_2' title="bbox 3 190 877 2037">
    <p class='ocr_par' dir='ltr' id='par_1_2' title="bbox 31 190 860 775">
     <span class='ocr_line' id='line_1_2' title="bbox 31 190 857 236; baseline -0.005 -8"><span class='ocrx_word' id='word_1_2' title='bbox 31 197 111 236; x_wconf 89' lang='lat' dir='ltr'>quidem</span> <span class='ocrx_word' id='word_1_3' title='bbox 122 196 193 227; x_wconf 91' lang='lat' dir='ltr'>merita</span> <span class='ocrx_word' id='word_1_4' title='bbox 205 196 304 227; x_wconf 89' lang='lat' dir='ltr'>iustorum</span> <span class='ocrx_word' id='word_1_5' title='bbox 315 204 355 227; x_wconf 88' lang='lat' dir='ltr'>non</span> <span class='ocrx_word' id='word_1_6' title='bbox 367 197 495 234; x_wconf 87' lang='lat' dir='ltr'>opponuntur</span> <span class='ocrx_word' id='word_1_7' title='bbox 505 193 582 226; x_wconf 87' lang='lat' dir='ltr'>meritis</span> <span class='ocrx_word' id='word_1_8' title='bbox 594 193 674 233; x_wconf 85' lang='lat' dir='ltr'><strong>Christi,</strong></span> <span class='ocrx_word' id='word_1_9' title='bbox 687 193 721 225; x_wconf 90' lang='lat' dir='ltr'>sed</span> <span class='ocrx_word' id='word_1_10' title='bbox 733 192 758 225; x_wconf 89' lang='lat' dir='ltr'>ab</span> <span class='ocrx_word' id='word_1_11' title='bbox 769 190 812 224; x_wconf 89' lang='lat' dir='ltr'>illis</span> <span class='ocrx_word' id='word_1_12' title='bbox 822 201 857 224; x_wconf 86' lang='lat' dir='ltr'>na-</span> 
     </span>
     <span class='ocr_line' id='line_1_3' title="bbox 32 252 858 295; baseline -0.005 -6"><span class='ocrx_word' id='word_1_13' title='bbox 32 258 119 295; x_wconf 89' lang='lat' dir='ltr'>scuntur,</span> <span class='ocrx_word' id='word_1_14' title='bbox 134 259 153 288; x_wconf 92' lang='lat' dir='ltr'>et</span> <span class='ocrx_word' id='word_1_15' title='bbox 166 255 263 294; x_wconf 89' lang='lat' dir='ltr'>quidquid</span> <span class='ocrx_word' id='word_1_16' title='bbox 277 255 321 293; x_wconf 91' lang='lat' dir='ltr'>ipsa</span> <span class='ocrx_word' id='word_1_17' title='bbox 336 255 435 287; x_wconf 84' lang='lat' dir='ltr'>iustorum</span> <span class='ocrx_word' id='word_1_18' title='bbox 450 254 521 287; x_wconf 86' lang='lat' dir='ltr'>merita</span> <span class='ocrx_word' id='word_1_19' title='bbox 536 254 601 286; x_wconf 84' lang='lat' dir='ltr'>laudis</span> <span class='ocrx_word' id='word_1_20' title='bbox 616 253 696 292; x_wconf 82' lang='lat' dir='ltr'>hahent,</span> <span class='ocrx_word' id='word_1_21' title='bbox 712 252 733 286; x_wconf 93' lang='lat' dir='ltr'>id</span> <span class='ocrx_word' id='word_1_22' title='bbox 747 255 813 286; x_wconf 91' lang='lat' dir='ltr'>totum</span> <span class='ocrx_word' id='word_1_23' title='bbox 828 261 858 285; x_wconf 86' lang='lat' dir='ltr'>re-</span> 
     </span>
     <span class='ocr_line' id='line_1_4' title="bbox 32 312 856 354; baseline -0.005 -5"><span class='ocrx_word' id='word_1_24' title='bbox 32 317 107 349; x_wconf 89' lang='lat' dir='ltr'>dundat</span> <span class='ocrx_word' id='word_1_25' title='bbox 120 318 141 348; x_wconf 88' lang='lat' dir='ltr'>in</span> <span class='ocrx_word' id='word_1_26' title='bbox 155 316 234 348; x_wconf 88' lang='lat' dir='ltr'>laudem</span> <span class='ocrx_word' id='word_1_27' title='bbox 247 316 363 348; x_wconf 86' lang='lat' dir='ltr'>meritorum</span> <span class='ocrx_word' id='word_1_28' title='bbox 378 315 457 348; x_wconf 81' lang='lat' dir='ltr'>Christi.</span> <span class='ocrx_word' id='word_1_29' title='bbox 470 315 514 354; x_wconf 89' lang='lat' dir='ltr'>Ipse</span> <span class='ocrx_word' id='word_1_30' title='bbox 527 317 557 347; x_wconf 88' lang='lat' dir='ltr'>est</span> <span class='ocrx_word' id='word_1_31' title='bbox 570 315 623 347; x_wconf 88' lang='lat' dir='ltr'>enim</span> <span class='ocrx_word' id='word_1_32' title='bbox 637 314 691 354; x_wconf 77' lang='lat' dir='ltr'>vitis,</span> <span class='ocrx_word' id='word_1_33' title='bbox 704 323 741 347; x_wconf 90' lang='lat' dir='ltr'>nos</span> <span class='ocrx_word' id='word_1_34' title='bbox 753 312 856 352; x_wconf 87' lang='lat' dir='ltr'>palmites;</span> 
     </span>
     <span class='ocr_line' id='line_1_5' title="bbox 32 371 858 416; baseline -0.004 -7"><span class='ocrx_word' id='word_1_35' title='bbox 32 379 51 410; x_wconf 87' lang='lat' dir='ltr'>et</span> <span class='ocrx_word' id='word_1_36' title='bbox 62 378 113 410; x_wconf 90' lang='lat' dir='ltr'>sieut</span> <span class='ocrx_word' id='word_1_37' title='bbox 123 377 199 416; x_wconf 88' lang='lat' dir='ltr'>palmes</span> <span class='ocrx_word' id='word_1_38' title='bbox 210 386 250 408; x_wconf 91' lang='lat' dir='ltr'>non</span> <span class='ocrx_word' id='word_1_39' title='bbox 260 378 326 415; x_wconf 90' lang='lat' dir='ltr'>potest</span> <span class='ocrx_word' id='word_1_40' title='bbox 337 376 388 408; x_wconf 82' lang='lat' dir='ltr'>terre</span> <span class='ocrx_word' id='word_1_41' title='bbox 400 375 493 414; x_wconf 78' lang='lat' dir='ltr'>fructum,</span> <span class='ocrx_word' id='word_1_42' title='bbox 504 375 544 407; x_wconf 94' lang='lat' dir='ltr'>nisi</span> <span class='ocrx_word' id='word_1_43' title='bbox 556 375 652 407; x_wconf 75' lang='lat' dir='ltr'><strong>manserit</strong></span> <span class='ocrx_word' id='word_1_44' title='bbox 662 374 684 407; x_wconf 89' lang='lat' dir='ltr'>in</span> <span class='ocrx_word' id='word_1_45' title='bbox 695 375 741 413; x_wconf 91' lang='lat' dir='ltr'>vite,</span> <span class='ocrx_word' id='word_1_46' title='bbox 754 371 782 406; x_wconf 92' lang='lat' dir='ltr'>sic</span> <span class='ocrx_word' id='word_1_47' title='bbox 792 376 811 406; x_wconf 91' lang='lat' dir='ltr'>et</span> <span class='ocrx_word' id='word_1_48' title='bbox 821 383 858 406; x_wconf 87' lang='lat' dir='ltr'>nos</span> 
     </span>
     <span class='ocr_line' id='line_1_6' title="bbox 31 435 857 476; baseline -0.004 -6"><span class='ocrx_word' id='word_1_49' title='bbox 31 438 84 470; x_wconf 83' lang='lat' dir='ltr'>nihil</span> <span class='ocrx_word' id='word_1_50' title='bbox 96 446 202 476; x_wconf 89' lang='lat' dir='ltr'>possumus</span> <span class='ocrx_word' id='word_1_51' title='bbox 215 437 257 470; x_wconf 89' lang='lat' dir='ltr'>sine</span> <span class='ocrx_word' id='word_1_52' title='bbox 271 436 350 469; x_wconf 88' lang='lat' dir='ltr'>Christo</span> <span class='ocrx_word' id='word_1_53' title='bbox 364 436 434 468; x_wconf 86' lang='lat' dir='ltr'>tacere.</span> <span class='ocrx_word' id='word_1_54' title='bbox 448 436 472 468; x_wconf 88' lang='lat' dir='ltr'>Et</span> <span class='ocrx_word' id='word_1_55' title='bbox 486 435 537 468; x_wconf 84' lang='lat' dir='ltr'>sicut</span> <span class='ocrx_word' id='word_1_56' title='bbox 548 445 606 468; x_wconf 91' lang='lat' dir='ltr'>nemo</span> <span class='ocrx_word' id='word_1_57' title='bbox 621 444 709 474; x_wconf 87' lang='lat' dir='ltr'>unquam</span> <span class='ocrx_word' id='word_1_58' title='bbox 722 435 751 467; x_wconf 91' lang='lat' dir='ltr'>ita</span> <span class='ocrx_word' id='word_1_59' title='bbox 765 435 857 473; x_wconf 82' lang='lat' dir='ltr'>desipuit,</span> 
     </span>
     <span class='ocr_line' id='line_1_7' title="bbox 32 494 858 536; baseline -0.004 -6"><span class='ocrx_word' id='word_1_60' title='bbox 32 500 54 531; x_wconf 92' lang='lat' dir='ltr'>ut</span> <span class='ocrx_word' id='word_1_61' title='bbox 68 498 139 530; x_wconf 87' lang='lat' dir='ltr'>diceret</span> <span class='ocrx_word' id='word_1_62' title='bbox 150 498 228 530; x_wconf 84' lang='lat' dir='ltr'>detrahi</span> <span class='ocrx_word' id='word_1_63' title='bbox 239 497 262 529; x_wconf 90' lang='lat' dir='ltr'>de</span> <span class='ocrx_word' id='word_1_64' title='bbox 275 497 339 536; x_wconf 82' lang='lat' dir='ltr'>gloria</span> <span class='ocrx_word' id='word_1_65' title='bbox 350 496 404 535; x_wconf 76' lang='lat' dir='ltr'>vitis,</span> <span class='ocrx_word' id='word_1_66' title='bbox 416 497 433 528; x_wconf 92' lang='lat' dir='ltr'>si</span> <span class='ocrx_word' id='word_1_67' title='bbox 446 496 539 535; x_wconf 82' lang='lat' dir='ltr'>palmites</span> <span class='ocrx_word' id='word_1_68' title='bbox 552 496 615 535; x_wconf 85' lang='lat' dir='ltr'>ipsius</span> <span class='ocrx_word' id='word_1_69' title='bbox 629 495 715 528; x_wconf 88' lang='lat' dir='ltr'>multum</span> <span class='ocrx_word' id='word_1_70' title='bbox 728 495 816 528; x_wconf 84' lang='lat' dir='ltr'>fructum</span> <span class='ocrx_word' id='word_1_71' title='bbox 828 494 858 527; x_wconf 81' lang='lat' dir='ltr'>ai-</span> 
     </span>
     <span class='ocr_line' id='line_1_8' title="bbox 33 555 860 598; baseline -0.007 -5"><span class='ocrx_word' id='word_1_72' title='bbox 33 559 104 598; x_wconf 77' lang='lat' dir='ltr'>teram,</span> <span class='ocrx_word' id='word_1_73' title='bbox 114 559 143 592; x_wconf 90' lang='lat' dir='ltr'>ita</span> <span class='ocrx_word' id='word_1_74' title='bbox 153 568 217 597; x_wconf 84' lang='lat' dir='ltr'>nemo,</span> <span class='ocrx_word' id='word_1_75' title='bbox 226 558 266 591; x_wconf 85' lang='lat' dir='ltr'>nisi</span> <span class='ocrx_word' id='word_1_76' title='bbox 277 557 336 597; x_wconf 89' lang='lat' dir='ltr'>plane</span> <span class='ocrx_word' id='word_1_77' title='bbox 346 557 426 596; x_wconf 83' lang='lat' dir='ltr'>stultus,</span> <span class='ocrx_word' id='word_1_78' title='bbox 437 557 499 590; x_wconf 84' lang='lat' dir='ltr'>dicere</span> <span class='ocrx_word' id='word_1_79' title='bbox 510 559 576 596; x_wconf 85' lang='lat' dir='ltr'>potest</span> <span class='ocrx_word' id='word_1_80' title='bbox 587 556 664 589; x_wconf 77' lang='lat' dir='ltr'>detrahi</span> <span class='ocrx_word' id='word_1_81' title='bbox 674 556 697 589; x_wconf 89' lang='lat' dir='ltr'>de</span> <span class='ocrx_word' id='word_1_82' title='bbox 708 555 771 595; x_wconf 81' lang='lat' dir='ltr'>gloria</span> <span class='ocrx_word' id='word_1_83' title='bbox 780 555 860 594; x_wconf 79' lang='lat' dir='ltr'>Christi,</span> 
     </span>
     <span class='ocr_line' id='line_1_9' title="bbox 33 617 860 658; baseline -0.005 -5"><span class='ocrx_word' id='word_1_84' title='bbox 33 620 50 654; x_wconf 92' lang='lat' dir='ltr'>si</span> <span class='ocrx_word' id='word_1_85' title='bbox 63 620 114 653; x_wconf 89' lang='lat' dir='ltr'>servi</span> <span class='ocrx_word' id='word_1_86' title='bbox 127 620 176 658; x_wconf 83' lang='lat' dir='ltr'>eius,</span> <span class='ocrx_word' id='word_1_87' title='bbox 187 629 222 658; x_wconf 91' lang='lat' dir='ltr'>per</span> <span class='ocrx_word' id='word_1_88' title='bbox 234 619 319 658; x_wconf 80' lang='lat' dir='ltr'>gratiam</span> <span class='ocrx_word' id='word_1_89' title='bbox 332 618 380 657; x_wconf 90' lang='lat' dir='ltr'>eius,</span> <span class='ocrx_word' id='word_1_90' title='bbox 393 628 427 657; x_wconf 91' lang='lat' dir='ltr'>per</span> <span class='ocrx_word' id='word_1_91' title='bbox 440 618 534 657; x_wconf 86' lang='lat' dir='ltr'>spiritum</span> <span class='ocrx_word' id='word_1_92' title='bbox 547 618 595 656; x_wconf 90' lang='lat' dir='ltr'>eius,</span> <span class='ocrx_word' id='word_1_93' title='bbox 609 617 712 657; x_wconf 84' lang='lat' dir='ltr'>perfidem</span> <span class='ocrx_word' id='word_1_94' title='bbox 725 620 744 650; x_wconf 90' lang='lat' dir='ltr'>et</span> <span class='ocrx_word' id='word_1_95' title='bbox 757 617 860 650; x_wconf 88' lang='lat' dir='ltr'>caritatem</span> 
     </span>
     <span class='ocr_line' id='line_1_10' title="bbox 33 678 858 719; baseline -0.004 -6"><span class='ocrx_word' id='word_1_96' title='bbox 33 682 114 719; x_wconf 83' lang='lat' dir='ltr'>abipso</span> <span class='ocrx_word' id='word_1_97' title='bbox 128 681 247 719; x_wconf 75' lang='lat' dir='ltr'>inspiratam</span> <span class='ocrx_word' id='word_1_98' title='bbox 260 680 313 712; x_wconf 84' lang='lat' dir='ltr'>hona</span> <span class='ocrx_word' id='word_1_99' title='bbox 327 689 386 718; x_wconf 85' lang='lat' dir='ltr'>opera</span> <span class='ocrx_word' id='word_1_100' title='bbox 400 679 482 717; x_wconf 78' lang='lat' dir='ltr'>faciant,</span> <span class='ocrx_word' id='word_1_101' title='bbox 497 688 547 718; x_wconf 87' lang='lat' dir='ltr'>quae</span> <span class='ocrx_word' id='word_1_102' title='bbox 562 678 591 710; x_wconf 85' lang='lat' dir='ltr'>iia</span> <span class='ocrx_word' id='word_1_103' title='bbox 607 688 649 710; x_wconf 84' lang='lat' dir='ltr'>vere</span> <span class='ocrx_word' id='word_1_104' title='bbox 664 678 705 711; x_wconf 91' lang='lat' dir='ltr'>sint</span> <span class='ocrx_word' id='word_1_105' title='bbox 721 678 780 716; x_wconf 77' lang='lat' dir='ltr'>iusta,</span> <span class='ocrx_word' id='word_1_106' title='bbox 794 681 816 710; x_wconf 93' lang='lat' dir='ltr'>ut</span> <span class='ocrx_word' id='word_1_107' title='bbox 830 679 858 710; x_wconf 81' lang='lat' dir='ltr'>eis</span> 
     </span>
     <span class='ocr_line' id='line_1_11' title="bbox 33 738 486 775; baseline -0.007 -1"><span class='ocrx_word' id='word_1_108' title='bbox 33 742 127 774; x_wconf 82' lang='lat' dir='ltr'>debeatur</span> <span class='ocrx_word' id='word_1_109' title='bbox 140 751 151 773; x_wconf 88' lang='lat' dir='ltr'>a</span> <span class='ocrx_word' id='word_1_110' title='bbox 163 741 216 772; x_wconf 87' lang='lat' dir='ltr'>iusto</span> <span class='ocrx_word' id='word_1_111' title='bbox 229 738 377 772; x_wconf 74' lang='lat' dir='ltr'>iudice&#39;corona</span> <span class='ocrx_word' id='word_1_112' title='bbox 389 739 486 775; x_wconf 63' lang='lat' dir='ltr'>iustitiae,</span> 
     </span>
    </p>

    <p class='ocr_par' dir='ltr' id='par_1_3' title="bbox 33 786 859 894">
     <span class='ocr_line' id='line_1_12' title="bbox 80 786 859 840; baseline -0.004 -7"><span class='ocrx_word' id='word_1_113' title='bbox 80 803 110 840; x_wconf 86' lang='lat' dir='ltr'>At,</span> <span class='ocrx_word' id='word_1_114' title='bbox 121 801 222 839; x_wconf 87' lang='lat' dir='ltr'>inquiunt,</span> <span class='ocrx_word' id='word_1_115' title='bbox 235 801 251 832; x_wconf 93' lang='lat' dir='ltr'>si</span> <span class='ocrx_word' id='word_1_116' title='bbox 264 800 392 839; x_wconf 89' lang='lat' dir='ltr'>requiruntur</span> <span class='ocrx_word' id='word_1_117' title='bbox 404 800 475 832; x_wconf 88' lang='lat' dir='ltr'>merita</span> <span class='ocrx_word' id='word_1_118' title='bbox 487 799 597 835; x_wconf 81' lang='lat' dir='ltr'>hominnm.</span> <span class='ocrx_word' id='word_1_119' title='bbox 610 809 648 831; x_wconf 91' lang='lat' dir='ltr'>non</span> <span class='ocrx_word' id='word_1_120' title='bbox 662 786 724 837; x_wconf 78' lang='lat' dir='ltr'>igitur</span> <span class='ocrx_word' id='word_1_121' title='bbox 735 799 859 832; x_wconf 79' lang='lat' dir='ltr'>sufficiebant</span> 
     </span>
     <span class='ocr_line' id='line_1_13' title="bbox 33 861 195 894; baseline -0.006 0"><span class='ocrx_word' id='word_1_122' title='bbox 33 862 104 894; x_wconf 86' lang='lat' dir='ltr'>merita</span> <span class='ocrx_word' id='word_1_123' title='bbox 115 861 195 894; x_wconf 79' lang='lat' dir='ltr'>Christi.</span> 
     </span>
    </p>

    <p class='ocr_par' dir='ltr' id='par_1_4' title="bbox 33 920 877 1255">
     <span class='ocr_line' id='line_1_14' title="bbox 62 920 858 959; baseline 0.001 -8"><span class='ocrx_word' id='word_1_124' title='bbox 62 948 64 951; x_wconf 94' lang='lat'>.</span> <span class='ocrx_word' id='word_1_125' title='bbox 81 922 123 954; x_wconf 85' lang='lat' dir='ltr'>Non</span> <span class='ocrx_word' id='word_1_126' title='bbox 137 922 166 953; x_wconf 89' lang='lat' dir='ltr'>ita</span> <span class='ocrx_word' id='word_1_127' title='bbox 179 923 214 953; x_wconf 88' lang='lat' dir='ltr'>est.</span> <span class='ocrx_word' id='word_1_128' title='bbox 228 921 277 953; x_wconf 87' lang='lat' dir='ltr'>Nam</span> <span class='ocrx_word' id='word_1_129' title='bbox 291 922 363 952; x_wconf 82' lang='lat' dir='ltr'>merita</span> <span class='ocrx_word' id='word_1_130' title='bbox 375 921 480 952; x_wconf 90' lang='lat' dir='ltr'>hominnm</span> <span class='ocrx_word' id='word_1_131' title='bbox 493 929 534 952; x_wconf 93' lang='lat' dir='ltr'>non</span> <span class='ocrx_word' id='word_1_132' title='bbox 547 920 676 959; x_wconf 86' lang='lat' dir='ltr'>requiruntur</span> <span class='ocrx_word' id='word_1_133' title='bbox 689 922 770 959; x_wconf 88' lang='lat' dir='ltr'>propter</span> <span class='ocrx_word' id='word_1_134' title='bbox 783 920 858 953; x_wconf 86' lang='lat' dir='ltr'>insuffi-</span> 
     </span>
     <span class='ocr_line' id='line_1_15' title="bbox 33 980 877 1019; baseline -0.001 -5"><span class='ocrx_word' id='word_1_135' title='bbox 33 983 127 1014; x_wconf 87' lang='lat' dir='ltr'>cientiam</span> <span class='ocrx_word' id='word_1_136' title='bbox 137 982 253 1013; x_wconf 87' lang='lat' dir='ltr'>meritorum</span> <span class='ocrx_word' id='word_1_137' title='bbox 267 980 346 1018; x_wconf 82' lang='lat' dir='ltr'>Christi,</span> <span class='ocrx_word' id='word_1_138' title='bbox 359 981 393 1012; x_wconf 89' lang='lat' dir='ltr'>sed</span> <span class='ocrx_word' id='word_1_139' title='bbox 404 982 485 1019; x_wconf 84' lang='lat' dir='ltr'>propter</span> <span class='ocrx_word' id='word_1_140' title='bbox 495 980 603 1013; x_wconf 77' lang='lat' dir='ltr'>maximam</span> <span class='ocrx_word' id='word_1_141' title='bbox 617 989 685 1013; x_wconf 87' lang='lat' dir='ltr'>eorum</span> <span class='ocrx_word' id='word_1_142' title='bbox 697 980 808 1013; x_wconf 86' lang='lat' dir='ltr'>efficaciam.</span> <span class='ocrx_word' id='word_1_143' title='bbox 820 980 859 1013; x_wconf 89' lang='lat' dir='ltr'>Me·</span> <span class='ocrx_word' id='word_1_144' title='bbox 876 990 877 993; x_wconf 50' lang='lat'>¹</span> 
     </span>
     <span class='ocr_line' id='line_1_16' title="bbox 34 1040 858 1083; baseline -0.002 -8"><span class='ocrx_word' id='word_1_145' title='bbox 34 1045 116 1075; x_wconf 89' lang='lat' dir='ltr'>ruerunt</span> <span class='ocrx_word' id='word_1_146' title='bbox 127 1042 180 1073; x_wconf 91' lang='lat' dir='ltr'>enim</span> <span class='ocrx_word' id='word_1_147' title='bbox 192 1041 266 1074; x_wconf 79' lang='lat' dir='ltr'>Christi</span> <span class='ocrx_word' id='word_1_148' title='bbox 278 1050 338 1080; x_wconf 87' lang='lat' dir='ltr'>opera</span> <span class='ocrx_word' id='word_1_149' title='bbox 349 1041 400 1079; x_wconf 87' lang='lat' dir='ltr'>apud</span> <span class='ocrx_word' id='word_1_150' title='bbox 411 1040 480 1079; x_wconf 90' lang='lat' dir='ltr'>Deum,</span> <span class='ocrx_word' id='word_1_151' title='bbox 491 1050 531 1073; x_wconf 92' lang='lat' dir='ltr'>non</span> <span class='ocrx_word' id='word_1_152' title='bbox 543 1040 608 1072; x_wconf 91' lang='lat' dir='ltr'>solum</span> <span class='ocrx_word' id='word_1_153' title='bbox 621 1043 643 1073; x_wconf 86' lang='lat' dir='ltr'>ut</span> <span class='ocrx_word' id='word_1_154' title='bbox 656 1041 741 1073; x_wconf 89' lang='lat' dir='ltr'>salutem</span> <span class='ocrx_word' id='word_1_155' title='bbox 753 1050 858 1083; x_wconf 87' lang='lat' dir='ltr'>conseque-</span> 
     </span>
     <span class='ocr_line' id='line_1_17' title="bbox 34 1100 859 1140; baseline -0.001 -6"><span class='ocrx_word' id='word_1_156' title='bbox 34 1111 105 1140; x_wconf 84' lang='lat' dir='ltr'>remur,</span> <span class='ocrx_word' id='word_1_157' title='bbox 119 1103 152 1134; x_wconf 89' lang='lat' dir='ltr'>sed</span> <span class='ocrx_word' id='word_1_158' title='bbox 165 1102 232 1140; x_wconf 87' lang='lat' dir='ltr'>etiam,</span> <span class='ocrx_word' id='word_1_159' title='bbox 246 1104 267 1133; x_wconf 88' lang='lat' dir='ltr'>ut</span> <span class='ocrx_word' id='word_1_160' title='bbox 281 1110 324 1133; x_wconf 91' lang='lat' dir='ltr'>cam</span> <span class='ocrx_word' id='word_1_161' title='bbox 337 1110 371 1140; x_wconf 86' lang='lat' dir='ltr'>per</span> <span class='ocrx_word' id='word_1_162' title='bbox 384 1101 456 1133; x_wconf 86' lang='lat' dir='ltr'>merita</span> <span class='ocrx_word' id='word_1_163' title='bbox 468 1101 549 1139; x_wconf 89' lang='lat' dir='ltr'>propria</span> <span class='ocrx_word' id='word_1_164' title='bbox 560 1110 730 1140; x_wconf 82' lang='lat' dir='ltr'>consequeremur.</span> <span class='ocrx_word' id='word_1_165' title='bbox 745 1101 794 1140; x_wconf 88' lang='lat' dir='ltr'>Sive,</span> <span class='ocrx_word' id='word_1_166' title='bbox 807 1100 859 1140; x_wconf 92' lang='lat' dir='ltr'>quod</span> 
     </span>
     <span class='ocr_line' id='line_1_18' title="bbox 34 1161 859 1200; baseline -0.001 -6"><span class='ocrx_word' id='word_1_167' title='bbox 34 1164 64 1195; x_wconf 89' lang='lat' dir='ltr'>est</span> <span class='ocrx_word' id='word_1_168' title='bbox 76 1162 134 1200; x_wconf 89' lang='lat' dir='ltr'>idem,</span> <span class='ocrx_word' id='word_1_169' title='bbox 147 1171 187 1194; x_wconf 89' lang='lat' dir='ltr'>non</span> <span class='ocrx_word' id='word_1_170' title='bbox 201 1162 266 1194; x_wconf 80' lang='lat' dir='ltr'>salum</span> <span class='ocrx_word' id='word_1_171' title='bbox 279 1163 378 1194; x_wconf 84' lang='lat' dir='ltr'>aeternam</span> <span class='ocrx_word' id='word_1_172' title='bbox 392 1161 482 1197; x_wconf 80' lang='lat' dir='ltr'>salutem</span> <span class='ocrx_word' id='word_1_173' title='bbox 497 1161 529 1193; x_wconf 91' lang='lat' dir='ltr'>sed</span> <span class='ocrx_word' id='word_1_174' title='bbox 544 1161 605 1193; x_wconf 85' lang='lat' dir='ltr'>etiam</span> <span class='ocrx_word' id='word_1_175' title='bbox 616 1162 712 1193; x_wconf 86' lang='lat' dir='ltr'>virtutem</span> <span class='ocrx_word' id='word_1_176' title='bbox 724 1161 812 1194; x_wconf 91' lang='lat' dir='ltr'>merendi</span> <span class='ocrx_word' id='word_1_177' title='bbox 824 1171 859 1193; x_wconf 87' lang='lat' dir='ltr'>no-</span> 
     </span>
     <span class='ocr_line' id='line_1_19' title="bbox 34 1223 788 1255; baseline -0.003 0"><span class='ocrx_word' id='word_1_178' title='bbox 34 1223 65 1255; x_wconf 85' lang='lat' dir='ltr'>his</span> <span class='ocrx_word' id='word_1_179' title='bbox 77 1225 197 1254; x_wconf 87' lang='lat' dir='ltr'>meruerunt.</span> <span class='ocrx_word' id='word_1_180' title='bbox 205 1246 221 1255; x_wconf 91' lang='lat'>..</span> <span class='ocrx_word' id='word_1_181' title='bbox 786 1224 788 1227; x_wconf 77' lang='grc'>’</span> 
     </span>
    </p>

    <p class='ocr_par' dir='ltr' id='par_1_5' title="bbox 35 1271 861 1382">
     <span class='ocr_line' id='line_1_20' title="bbox 83 1271 861 1322; baseline -0.003 -6"><span class='ocrx_word' id='word_1_182' title='bbox 83 1271 108 1316; x_wconf 83' lang='lat' dir='ltr'>At</span> <span class='ocrx_word' id='word_1_183' title='bbox 120 1283 196 1322; x_wconf 87' lang='lat' dir='ltr'>saltem,</span> <span class='ocrx_word' id='word_1_184' title='bbox 208 1282 308 1322; x_wconf 86' lang='lat' dir='ltr'>inquiunt,</span> <span class='ocrx_word' id='word_1_185' title='bbox 321 1282 417 1315; x_wconf 90' lang='lat' dir='ltr'>dividitur</span> <span class='ocrx_word' id='word_1_186' title='bbox 428 1282 491 1320; x_wconf 84' lang='lat' dir='ltr'>gloria</span> <span class='ocrx_word' id='word_1_187' title='bbox 504 1282 556 1314; x_wconf 91' lang='lat' dir='ltr'>inter</span> <span class='ocrx_word' id='word_1_188' title='bbox 568 1283 630 1314; x_wconf 89' lang='lat' dir='ltr'>Deum</span> <span class='ocrx_word' id='word_1_189' title='bbox 642 1286 661 1315; x_wconf 88' lang='lat' dir='ltr'>et</span> <span class='ocrx_word' id='word_1_190' title='bbox 672 1282 780 1321; x_wconf 73' lang='lat' dir='ltr'>hominem</span> <span class='ocrx_word' id='word_1_191' title='bbox 794 1284 861 1314; x_wconf 88' lang='lat' dir='ltr'>sinon</span> 
     </span>
     <span class='ocr_line' id='line_1_21' title="bbox 35 1343 668 1382; baseline -0.002 -6"><span class='ocrx_word' id='word_1_192' title='bbox 35 1345 82 1376; x_wconf 89' lang='lat' dir='ltr'>solis</span> <span class='ocrx_word' id='word_1_193' title='bbox 94 1345 136 1376; x_wconf 89' lang='lat' dir='ltr'>eius</span> <span class='ocrx_word' id='word_1_194' title='bbox 146 1343 229 1381; x_wconf 84' lang='lat' dir='ltr'>meritis,</span> <span class='ocrx_word' id='word_1_195' title='bbox 240 1343 345 1375; x_wconf 88' lang='lat' dir='ltr'>sedetiam</span> <span class='ocrx_word' id='word_1_196' title='bbox 355 1343 430 1375; x_wconf 88' lang='lat' dir='ltr'>nostris</span> <span class='ocrx_word' id='word_1_197' title='bbox 441 1343 527 1375; x_wconf 85' lang='lat' dir='ltr'>salutem</span> <span class='ocrx_word' id='word_1_198' title='bbox 538 1343 668 1382; x_wconf 79' lang='lat' dir='ltr'>assequimur.</span> 
     </span>
    </p>

    <p class='ocr_par' dir='ltr' id='par_1_6' title="bbox 3 1403 868 2037">
     <span class='ocr_line' id='line_1_22' title="bbox 83 1403 860 1443; baseline 0.001 -8"><span class='ocrx_word' id='word_1_199' title='bbox 83 1404 149 1443; x_wconf 82' lang='lat' dir='ltr'>Neque</span> <span class='ocrx_word' id='word_1_200' title='bbox 160 1403 181 1435; x_wconf 92' lang='lat' dir='ltr'>id</span> <span class='ocrx_word' id='word_1_201' title='bbox 192 1412 260 1435; x_wconf 85' lang='lat' dir='ltr'>verum</span> <span class='ocrx_word' id='word_1_202' title='bbox 271 1405 306 1435; x_wconf 87' lang='lat' dir='ltr'>est.</span> <span class='ocrx_word' id='word_1_203' title='bbox 318 1403 367 1435; x_wconf 87' lang='lat' dir='ltr'>Nam</span> <span class='ocrx_word' id='word_1_204' title='bbox 379 1404 451 1435; x_wconf 87' lang='lat' dir='ltr'>merita</span> <span class='ocrx_word' id='word_1_205' title='bbox 460 1406 529 1435; x_wconf 78' lang='lat' dir='ltr'>nostra</span> <span class='ocrx_word' id='word_1_206' title='bbox 541 1403 593 1435; x_wconf 85' lang='lat' dir='ltr'>dona</span> <span class='ocrx_word' id='word_1_207' title='bbox 605 1405 652 1435; x_wconf 90' lang='lat' dir='ltr'>sunt</span> <span class='ocrx_word' id='word_1_208' title='bbox 664 1403 744 1436; x_wconf 88' lang='lat' dir='ltr'>Christi.</span> <span class='ocrx_word' id='word_1_209' title='bbox 755 1404 779 1436; x_wconf 85' lang='lat' dir='ltr'>Et</span> <span class='ocrx_word' id='word_1_210' title='bbox 791 1413 860 1443; x_wconf 85' lang='lat' dir='ltr'>quam·</span> 
     </span>
     <span class='ocr_line' id='line_1_23' title="bbox 35 1463 860 1504; baseline 0.001 -8"><span class='ocrx_word' id='word_1_211' title='bbox 35 1466 64 1496; x_wconf 90' lang='lat' dir='ltr'>vis</span> <span class='ocrx_word' id='word_1_212' title='bbox 74 1465 94 1495; x_wconf 92' lang='lat' dir='ltr'>in</span> <span class='ocrx_word' id='word_1_213' title='bbox 105 1472 162 1502; x_wconf 86' lang='lat' dir='ltr'>opere</span> <span class='ocrx_word' id='word_1_214' title='bbox 172 1464 229 1502; x_wconf 85' lang='lat' dir='ltr'>bono,</span> <span class='ocrx_word' id='word_1_215' title='bbox 238 1463 291 1502; x_wconf 91' lang='lat' dir='ltr'>qnod</span> <span class='ocrx_word' id='word_1_216' title='bbox 301 1473 343 1502; x_wconf 90' lang='lat' dir='ltr'>nos,</span> <span class='ocrx_word' id='word_1_217' title='bbox 352 1463 391 1496; x_wconf 88' lang='lat' dir='ltr'>Deo</span> <span class='ocrx_word' id='word_1_218' title='bbox 402 1463 488 1502; x_wconf 87' lang='lat' dir='ltr'>iuvante,</span> <span class='ocrx_word' id='word_1_219' title='bbox 499 1463 590 1502; x_wconf 80' lang='lat' dir='ltr'>iacimus,</span> <span class='ocrx_word' id='word_1_220' title='bbox 600 1463 653 1496; x_wconf 93' lang='lat' dir='ltr'>nihil</span> <span class='ocrx_word' id='word_1_221' title='bbox 663 1464 690 1496; x_wconf 88' lang='lat' dir='ltr'>sit</span> <span class='ocrx_word' id='word_1_222' title='bbox 699 1465 797 1503; x_wconf 91' lang='lat' dir='ltr'>nostrum,</span> <span class='ocrx_word' id='word_1_223' title='bbox 807 1464 860 1504; x_wconf 91' lang='lat' dir='ltr'>quod</span> 
     </span>
     <span class='ocr_line' id='line_1_24' title="bbox 35 1523 860 1562; baseline 0.001 -6"><span class='ocrx_word' id='word_1_224' title='bbox 35 1533 74 1556; x_wconf 89' lang='lat' dir='ltr'>non</span> <span class='ocrx_word' id='word_1_225' title='bbox 86 1525 112 1556; x_wconf 92' lang='lat' dir='ltr'>sit</span> <span class='ocrx_word' id='word_1_226' title='bbox 122 1524 163 1561; x_wconf 78' lang='lat' dir='ltr'>Dei,</span> <span class='ocrx_word' id='word_1_227' title='bbox 172 1533 235 1562; x_wconf 88' lang='lat' dir='ltr'>neque</span> <span class='ocrx_word' id='word_1_228' title='bbox 247 1523 324 1562; x_wconf 87' lang='lat' dir='ltr'>aliquid</span> <span class='ocrx_word' id='word_1_229' title='bbox 334 1523 361 1556; x_wconf 93' lang='lat' dir='ltr'>sit</span> <span class='ocrx_word' id='word_1_230' title='bbox 370 1523 412 1562; x_wconf 91' lang='lat' dir='ltr'>Dei,</span> <span class='ocrx_word' id='word_1_231' title='bbox 421 1523 474 1562; x_wconf 90' lang='lat' dir='ltr'>quod</span> <span class='ocrx_word' id='word_1_232' title='bbox 484 1533 524 1555; x_wconf 93' lang='lat' dir='ltr'>non</span> <span class='ocrx_word' id='word_1_233' title='bbox 535 1524 562 1556; x_wconf 84' lang='lat' dir='ltr'>sit</span> <span class='ocrx_word' id='word_1_234' title='bbox 570 1526 667 1562; x_wconf 80' lang='lat' dir='ltr'>nostrum,</span> <span class='ocrx_word' id='word_1_235' title='bbox 678 1524 712 1556; x_wconf 90' lang='lat' dir='ltr'>sed</span> <span class='ocrx_word' id='word_1_236' title='bbox 722 1527 788 1557; x_wconf 90' lang='lat' dir='ltr'>totum</span> <span class='ocrx_word' id='word_1_237' title='bbox 799 1524 860 1557; x_wconf 81' lang='lat' dir='ltr'>faciat</span> 
     </span>
     <span class='ocr_line' id='line_1_25' title="bbox 3 1583 861 1623; baseline 0.001 -6"><span class='ocrx_word' id='word_1_238' title='bbox 3 1594 5 1596; x_wconf 92' lang='lat'>·</span> <span class='ocrx_word' id='word_1_239' title='bbox 36 1584 93 1623; x_wconf 85' lang='lat' dir='ltr'>Deus,</span> <span class='ocrx_word' id='word_1_240' title='bbox 108 1587 127 1617; x_wconf 92' lang='lat' dir='ltr'>et</span> <span class='ocrx_word' id='word_1_241' title='bbox 141 1586 206 1616; x_wconf 90' lang='lat' dir='ltr'>totum</span> <span class='ocrx_word' id='word_1_242' title='bbox 220 1584 282 1616; x_wconf 79' lang='lat' dir='ltr'>iaciat</span> <span class='ocrx_word' id='word_1_243' title='bbox 296 1584 366 1615; x_wconf 84' lang='lat' dir='ltr'>horno:</span> <span class='ocrx_word' id='word_1_244' title='bbox 382 1585 449 1615; x_wconf 89' lang='lat' dir='ltr'>tamen</span> <span class='ocrx_word' id='word_1_245' title='bbox 463 1583 520 1622; x_wconf 83' lang='lat' dir='ltr'>ratio,</span> <span class='ocrx_word' id='word_1_246' title='bbox 535 1593 570 1616; x_wconf 85' lang='lat' dir='ltr'>cur</span> <span class='ocrx_word' id='word_1_247' title='bbox 582 1584 603 1616; x_wconf 92' lang='lat' dir='ltr'>id</span> <span class='ocrx_word' id='word_1_248' title='bbox 617 1593 667 1623; x_wconf 87' lang='lat' dir='ltr'>opus</span> <span class='ocrx_word' id='word_1_249' title='bbox 682 1584 708 1617; x_wconf 89' lang='lat' dir='ltr'>sit</span> <span class='ocrx_word' id='word_1_250' title='bbox 723 1584 804 1623; x_wconf 81' lang='lat' dir='ltr'>dignum</span> <span class='ocrx_word' id='word_1_251' title='bbox 818 1585 861 1618; x_wconf 81' lang='lat' dir='ltr'>vita</span> 
     </span>
     <span class='ocr_line' id='line_1_26' title="bbox 37 1643 860 1683; baseline 0.002 -7"><span class='ocrx_word' id='word_1_252' title='bbox 37 1647 121 1682; x_wconf 83' lang='lat' dir='ltr'>aeterna,</span> <span class='ocrx_word' id='word_1_253' title='bbox 133 1646 175 1676; x_wconf 82' lang='lat' dir='ltr'>tota</span> <span class='ocrx_word' id='word_1_254' title='bbox 187 1643 258 1682; x_wconf 86' lang='lat' dir='ltr'>pendet</span> <span class='ocrx_word' id='word_1_255' title='bbox 269 1654 280 1676; x_wconf 88' lang='lat' dir='ltr'>a</span> <span class='ocrx_word' id='word_1_256' title='bbox 291 1644 360 1682; x_wconf 77' lang='lat' dir='ltr'>gratia.</span> <span class='ocrx_word' id='word_1_257' title='bbox 372 1643 461 1683; x_wconf 89' lang='lat' dir='ltr'>Denique</span> <span class='ocrx_word' id='word_1_258' title='bbox 471 1653 508 1676; x_wconf 90' lang='lat' dir='ltr'>nos</span> <span class='ocrx_word' id='word_1_259' title='bbox 520 1643 558 1682; x_wconf 90' lang='lat' dir='ltr'>ipsi</span> <span class='ocrx_word' id='word_1_260' title='bbox 570 1653 610 1676; x_wconf 90' lang='lat' dir='ltr'>non</span> <span class='ocrx_word' id='word_1_261' title='bbox 623 1644 689 1676; x_wconf 88' lang='lat' dir='ltr'>minus</span> <span class='ocrx_word' id='word_1_262' title='bbox 701 1644 779 1677; x_wconf 90' lang='lat' dir='ltr'>Christo</span> <span class='ocrx_word' id='word_1_263' title='bbox 791 1654 860 1678; x_wconf 85' lang='lat' dir='ltr'>sumus</span> 
     </span>
     <span class='ocr_line' id='line_1_27' title="bbox 36 1703 860 1744; baseline 0.001 -7"><span class='ocrx_word' id='word_1_264' title='bbox 36 1705 131 1743; x_wconf 81' lang='lat' dir='ltr'>obstricti,</span> <span class='ocrx_word' id='word_1_265' title='bbox 143 1713 178 1735; x_wconf 90' lang='lat' dir='ltr'>nec</span> <span class='ocrx_word' id='word_1_266' title='bbox 189 1704 255 1736; x_wconf 88' lang='lat' dir='ltr'>minus</span> <span class='ocrx_word' id='word_1_267' title='bbox 267 1703 352 1736; x_wconf 86' lang='lat' dir='ltr'>salntem</span> <span class='ocrx_word' id='word_1_268' title='bbox 363 1705 453 1736; x_wconf 91' lang='lat' dir='ltr'>nostram</span> <span class='ocrx_word' id='word_1_269' title='bbox 464 1706 528 1736; x_wconf 84' lang='lat' dir='ltr'>totam</span> <span class='ocrx_word' id='word_1_270' title='bbox 539 1706 597 1743; x_wconf 87' lang='lat' dir='ltr'>atque</span> <span class='ocrx_word' id='word_1_271' title='bbox 610 1705 707 1743; x_wconf 82' lang='lat' dir='ltr'>integram</span> <span class='ocrx_word' id='word_1_272' title='bbox 717 1705 749 1737; x_wconf 91' lang='lat' dir='ltr'>illi</span> <span class='ocrx_word' id='word_1_273' title='bbox 761 1708 860 1744; x_wconf 81' lang='lat' dir='ltr'>acceptam</span> 
     </span>
     <span class='ocr_line' id='line_1_28' title="bbox 37 1752 868 1807; baseline 0.002 -11"><span class='ocrx_word' id='word_1_274' title='bbox 37 1764 147 1807; x_wconf 80' lang='lat' dir='ltr'>referimus,</span> <span class='ocrx_word' id='word_1_275' title='bbox 162 1773 206 1796; x_wconf 88' lang='lat' dir='ltr'>cuin</span> <span class='ocrx_word' id='word_1_276' title='bbox 221 1764 278 1797; x_wconf 89' lang='lat' dir='ltr'>illam</span> <span class='ocrx_word' id='word_1_277' title='bbox 293 1764 369 1796; x_wconf 85' lang='lat' dir='ltr'>meritis</span> <span class='ocrx_word' id='word_1_278' title='bbox 384 1765 458 1796; x_wconf 86' lang='lat' dir='ltr'>nostris</span> <span class='ocrx_word' id='word_1_279' title='bbox 474 1764 601 1803; x_wconf 84' lang='lat' dir='ltr'>acquirimus,</span> <span class='ocrx_word' id='word_1_280' title='bbox 616 1774 675 1803; x_wconf 86' lang='lat' dir='ltr'>quam</span> <span class='ocrx_word' id='word_1_281' title='bbox 691 1765 708 1797; x_wconf 90' lang='lat' dir='ltr'>si</span> <span class='ocrx_word' id='word_1_282' title='bbox 724 1765 798 1805; x_wconf 82' lang='lat' dir='ltr'>absque</span> <span class='ocrx_word' id='word_1_283' title='bbox 814 1752 868 1799; x_wconf 28' lang='lat' dir='ltr'>ullis*</span> 
     </span>
     <span class='ocr_line' id='line_1_29' title="bbox 36 1824 861 1863; baseline 0.002 -7"><span class='ocrx_word' id='word_1_284' title='bbox 36 1824 112 1857; x_wconf 86' lang='lat' dir='ltr'>meritis</span> <span class='ocrx_word' id='word_1_285' title='bbox 125 1824 199 1856; x_wconf 89' lang='lat' dir='ltr'>nostris</span> <span class='ocrx_word' id='word_1_286' title='bbox 213 1824 270 1856; x_wconf 84' lang='lat' dir='ltr'>illam</span> <span class='ocrx_word' id='word_1_287' title='bbox 284 1824 425 1863; x_wconf 85' lang='lat' dir='ltr'>acciperemus;</span> <span class='ocrx_word' id='word_1_288' title='bbox 439 1824 500 1856; x_wconf 90' lang='lat' dir='ltr'>immo</span> <span class='ocrx_word' id='word_1_289' title='bbox 514 1824 577 1857; x_wconf 88' lang='lat' dir='ltr'>multo</span> <span class='ocrx_word' id='word_1_290' title='bbox 592 1825 654 1863; x_wconf 82' lang='lat' dir='ltr'>magis</span> <span class='ocrx_word' id='word_1_291' title='bbox 668 1835 720 1858; x_wconf 93' lang='lat' dir='ltr'>nunc</span> <span class='ocrx_word' id='word_1_292' title='bbox 734 1825 764 1858; x_wconf 92' lang='lat' dir='ltr'>illi</span> <span class='ocrx_word' id='word_1_293' title='bbox 779 1835 815 1858; x_wconf 85' lang='lat' dir='ltr'>nos</span> <span class='ocrx_word' id='word_1_294' title='bbox 829 1826 861 1859; x_wconf 84' lang='lat' dir='ltr'>de—</span> 
     </span>
     <span class='ocr_line' id='line_1_30' title="bbox 36 1884 861 1924; baseline 0.004 -8"><span class='ocrx_word' id='word_1_295' title='bbox 36 1885 110 1917; x_wconf 79' lang='lat' dir='ltr'>bitores</span> <span class='ocrx_word' id='word_1_296' title='bbox 125 1893 166 1916; x_wconf 89' lang='lat' dir='ltr'>esse</span> <span class='ocrx_word' id='word_1_297' title='bbox 180 1884 446 1923; x_wconf 80' lang='lat' dir='ltr'>latemu1·‚quandoquidem</span> <span class='ocrx_word' id='word_1_298' title='bbox 460 1893 499 1916; x_wconf 91' lang='lat' dir='ltr'>non</span> <span class='ocrx_word' id='word_1_299' title='bbox 514 1885 579 1917; x_wconf 85' lang='lat' dir='ltr'>solum</span> <span class='ocrx_word' id='word_1_300' title='bbox 593 1894 628 1924; x_wconf 88' lang='lat' dir='ltr'>per</span> <span class='ocrx_word' id='word_1_301' title='bbox 641 1886 684 1918; x_wconf 90' lang='lat' dir='ltr'>eius</span> <span class='ocrx_word' id='word_1_302' title='bbox 698 1886 783 1923; x_wconf 79' lang='lat' dir='ltr'>gratiam</span> <span class='ocrx_word' id='word_1_303' title='bbox 797 1887 861 1919; x_wconf 86' lang='lat' dir='ltr'>salva-</span> 
     </span>
     <span class='ocr_line' id='line_1_31' title="bbox 36 1936 861 1985; baseline 0.005 -10"><span class='ocrx_word' id='word_1_304' title='bbox 36 1953 86 1982; x_wconf 84' lang='lat' dir='ltr'>mur,</span> <span class='ocrx_word' id='word_1_305' title='bbox 99 1945 132 1976; x_wconf 90' lang='lat' dir='ltr'>sed</span> <span class='ocrx_word' id='word_1_306' title='bbox 145 1945 206 1976; x_wconf 89' lang='lat' dir='ltr'>etiam</span> <span class='ocrx_word' id='word_1_307' title='bbox 218 1954 253 1982; x_wconf 90' lang='lat' dir='ltr'>per</span> <span class='ocrx_word' id='word_1_308' title='bbox 266 1944 347 1976; x_wconf 87' lang='lat' dir='ltr'>eandem</span> <span class='ocrx_word' id='word_1_309' title='bbox 360 1944 486 1977; x_wconf 89' lang='lat' dir='ltr'>nobilissimo</span> <span class='ocrx_word' id='word_1_310' title='bbox 499 1946 557 1977; x_wconf 91' lang='lat' dir='ltr'>modo</span> <span class='ocrx_word' id='word_1_311' title='bbox 570 1936 809 1985; x_wconf 87' lang='lat' dir='ltr'>honorificentissimoqne</span> <span class='ocrx_word' id='word_1_312' title='bbox 822 1946 861 1979; x_wconf 87' lang='lat' dir='ltr'>sal-</span> 
     </span>
     <span class='ocr_line' id='line_1_32' title="bbox 37 2007 164 2037; baseline 0 0"><span class='ocrx_word' id='word_1_313' title='bbox 37 2007 164 2037; x_wconf 62' lang='lat' dir='ltr'>vamura190.</span> 
     </span>
    </p>
   </div>
   <div class='ocr_carea' id='block_1_3' title="bbox 37 2101 863 2504">
    <p class='ocr_par' dir='ltr' id='par_1_7' title="bbox 37 2101 860 2261">
     <span class='ocr_line' id='line_1_33' title="bbox 109 2101 860 2141; baseline 0.004 -8"><span class='ocrx_word' id='word_1_314' title='bbox 109 2101 126 2138; x_wconf 81' lang='lat'>7)</span> <span class='ocrx_word' id='word_1_315' title='bbox 139 2101 216 2138; x_wconf 77' lang='grc'>1101118,</span> <span class='ocrx_word' id='word_1_316' title='bbox 228 2101 259 2133; x_wconf 86' lang='lat'>18:</span> <span class='ocrx_word' id='word_1_317' title='bbox 274 2101 388 2133; x_wconf 81' lang='lat' dir='ltr'>«Existimo</span> <span class='ocrx_word' id='word_1_318' title='bbox 399 2102 452 2133; x_wconf 89' lang='lat' dir='ltr'>enim</span> <span class='ocrx_word' id='word_1_319' title='bbox 465 2102 516 2140; x_wconf 91' lang='lat' dir='ltr'>quod</span> <span class='ocrx_word' id='word_1_320' title='bbox 529 2111 568 2134; x_wconf 90' lang='lat' dir='ltr'>non</span> <span class='ocrx_word' id='word_1_321' title='bbox 581 2105 627 2134; x_wconf 91' lang='lat' dir='ltr'>sunt</span> <span class='ocrx_word' id='word_1_322' title='bbox 639 2102 747 2141; x_wconf 82' lang='lat' dir='ltr'>condignae</span> <span class='ocrx_word' id='word_1_323' title='bbox 758 2104 860 2141; x_wconf 83' lang='lat' dir='ltr'>passiones</span> 
     </span>
     <span class='ocr_line' id='line_1_34' title="bbox 37 2160 860 2202; baseline 0.004 -10"><span class='ocrx_word' id='word_1_324' title='bbox 37 2162 96 2193; x_wconf 89' lang='lat' dir='ltr'>huius</span> <span class='ocrx_word' id='word_1_325' title='bbox 111 2161 206 2199; x_wconf 84' lang='lat' dir='ltr'>temporis</span> <span class='ocrx_word' id='word_1_326' title='bbox 223 2161 247 2193; x_wconf 81' lang='lat' dir='ltr'>ad</span> <span class='ocrx_word' id='word_1_327' title='bbox 263 2160 353 2193; x_wconf 84' lang='lat' dir='ltr'>futuram</span> <span class='ocrx_word' id='word_1_328' title='bbox 368 2161 458 2200; x_wconf 80' lang='lat' dir='ltr'>gloriam,</span> <span class='ocrx_word' id='word_1_329' title='bbox 475 2171 525 2201; x_wconf 90' lang='lat' dir='ltr'>quae</span> <span class='ocrx_word' id='word_1_330' title='bbox 541 2161 661 2195; x_wconf 85' lang='lat' dir='ltr'>revelabitur</span> <span class='ocrx_word' id='word_1_331' title='bbox 676 2163 697 2194; x_wconf 91' lang='lat' dir='ltr'>in</span> <span class='ocrx_word' id='word_1_332' title='bbox 712 2162 794 2196; x_wconf 79' lang='lat' dir='ltr'>nobis».</span> <span class='ocrx_word' id='word_1_333' title='bbox 812 2163 860 2202; x_wconf 76' lang='lat' dir='ltr'>Ergo</span> 
     </span>
     <span class='ocr_line' id='line_1_35' title="bbox 38 2221 686 2261; baseline 0.005 -9"><span class='ocrx_word' id='word_1_334' title='bbox 38 2230 52 2253; x_wconf 89' lang='lat' dir='ltr'>s.</span> <span class='ocrx_word' id='word_1_335' title='bbox 65 2221 138 2253; x_wconf 84' lang='lat' dir='ltr'>Paulus</span> <span class='ocrx_word' id='word_1_336' title='bbox 149 2224 207 2259; x_wconf 82' lang='lat' dir='ltr'>negat</span> <span class='ocrx_word' id='word_1_337' title='bbox 219 2221 374 2259; x_wconf 81' lang='lat' dir='ltr'>condignitaiem</span> <span class='ocrx_word' id='word_1_338' title='bbox 386 2231 467 2259; x_wconf 89' lang='lat' dir='ltr'>operum</span> <span class='ocrx_word' id='word_1_339' title='bbox 479 2232 523 2254; x_wconf 89' lang='lat' dir='ltr'>cum</span> <span class='ocrx_word' id='word_1_340' title='bbox 536 2222 605 2255; x_wconf 84' lang='lat' dir='ltr'>futura</span> <span class='ocrx_word' id='word_1_341' title='bbox 617 2222 686 2261; x_wconf 79' lang='lat' dir='ltr'>gloria.</span> 
     </span>
    </p>

    <p class='ocr_par' dir='ltr' id='par_1_8' title="bbox 38 2281 863 2442">
     <span class='ocr_line' id='line_1_36' title="bbox 84 2281 860 2328; baseline 0.005 -15"><span class='ocrx_word' id='word_1_342' title='bbox 84 2281 141 2319; x_wconf 86' lang='lat' dir='ltr'>Resp.</span> <span class='ocrx_word' id='word_1_343' title='bbox 153 2281 225 2312; x_wconf 81' lang='lat' dir='ltr'>&#39;l&#39;extus</span> <span class='ocrx_word' id='word_1_344' title='bbox 236 2288 316 2319; x_wconf 78' lang='lat' dir='ltr'>graecus</span> <span class='ocrx_word' id='word_1_345' title='bbox 327 2281 387 2313; x_wconf 83' lang='lat' dir='ltr'>habet</span> <span class='ocrx_word' id='word_1_346' title='bbox 403 2283 439 2318; x_wconf 70' lang='grc' dir='ltr'>οὐχ</span> <span class='ocrx_word' id='word_1_347' title='bbox 452 2283 501 2328; x_wconf 55' lang='grc' dir='ltr'><strong>ἄξια,</strong></span> <span class='ocrx_word' id='word_1_348' title='bbox 516 2282 537 2314; x_wconf 91' lang='lat' dir='ltr'>id</span> <span class='ocrx_word' id='word_1_349' title='bbox 548 2284 577 2314; x_wconf 90' lang='lat' dir='ltr'>est</span> <span class='ocrx_word' id='word_1_350' title='bbox 588 2292 645 2315; x_wconf 76' lang='lat' dir='ltr'>«non</span> <span class='ocrx_word' id='word_1_351' title='bbox 658 2286 705 2315; x_wconf 91' lang='lat' dir='ltr'>sunt</span> <span class='ocrx_word' id='word_1_352' title='bbox 716 2284 860 2324; x_wconf 72' lang='lat' dir='ltr'>ponderosae»,</span> 
     </span>
     <span class='ocr_line' id='line_1_37' title="bbox 38 2341 863 2383; baseline 0.004 -9"><span class='ocrx_word' id='word_1_353' title='bbox 38 2343 55 2374; x_wconf 91' lang='lat' dir='ltr'>si</span> <span class='ocrx_word' id='word_1_354' title='bbox 67 2344 207 2381; x_wconf 82' lang='lat' dir='ltr'>comparantur</span> <span class='ocrx_word' id='word_1_355' title='bbox 216 2351 261 2374; x_wconf 89' lang='lat' dir='ltr'>eum</span> <span class='ocrx_word' id='word_1_356' title='bbox 272 2341 341 2374; x_wconf 82' lang='lat' dir='ltr'>futura</span> <span class='ocrx_word' id='word_1_357' title='bbox 352 2341 458 2380; x_wconf 73' lang='lat' dir='ltr'>gioriaw1;</span> <span class='ocrx_word' id='word_1_358' title='bbox 471 2352 510 2374; x_wconf 87' lang='lat' dir='ltr'>non</span> <span class='ocrx_word' id='word_1_359' title='bbox 522 2345 552 2375; x_wconf 88' lang='lat' dir='ltr'>est</span> <span class='ocrx_word' id='word_1_360' title='bbox 563 2352 627 2376; x_wconf 91' lang='lat' dir='ltr'>sermo</span> <span class='ocrx_word' id='word_1_361' title='bbox 639 2343 662 2375; x_wconf 92' lang='lat' dir='ltr'>de</span> <span class='ocrx_word' id='word_1_362' title='bbox 673 2344 813 2382; x_wconf 79' lang='lat' dir='ltr'>condignitate,</span> <span class='ocrx_word' id='word_1_363' title='bbox 826 2354 863 2383; x_wconf 80' lang='lat' dir='ltr'>qua</span> 
     </span>
     <span class='ocr_line' id='line_1_38' title="bbox 38 2402 503 2442; baseline 0.006 -9"><span class='ocrx_word' id='word_1_364' title='bbox 38 2411 87 2440; x_wconf 87' lang='lat' dir='ltr'>opus</span> <span class='ocrx_word' id='word_1_365' title='bbox 99 2402 180 2441; x_wconf 86' lang='lat' dir='ltr'>aliquod</span> <span class='ocrx_word' id='word_1_366' title='bbox 192 2404 221 2435; x_wconf 90' lang='lat' dir='ltr'>est</span> <span class='ocrx_word' id='word_1_367' title='bbox 232 2403 357 2435; x_wconf 84' lang='lat' dir='ltr'>meritorium</span> <span class='ocrx_word' id='word_1_368' title='bbox 367 2403 391 2435; x_wconf 90' lang='lat' dir='ltr'>de</span> <span class='ocrx_word' id='word_1_369' title='bbox 401 2403 503 2442; x_wconf 81' lang='lat' dir='ltr'>condigno.</span> 
     </span>
    </p>

    <p class='ocr_par' dir='ltr' id='par_1_9' title="bbox 85 2463 861 2504">
     <span class='ocr_line' id='line_1_39' title="bbox 85 2463 861 2504; baseline 0.006 -11"><span class='ocrx_word' id='word_1_370' title='bbox 85 2463 152 2501; x_wconf 86' lang='lat' dir='ltr'>Quoad</span> <span class='ocrx_word' id='word_1_371' title='bbox 167 2472 206 2494; x_wconf 88' lang='lat' dir='ltr'>rem</span> <span class='ocrx_word' id='word_1_372' title='bbox 221 2464 272 2494; x_wconf 88' lang='lat' dir='ltr'>idem</span> <span class='ocrx_word' id='word_1_373' title='bbox 287 2463 338 2501; x_wconf 85' lang='lat' dir='ltr'>apud</span> <span class='ocrx_word' id='word_1_374' title='bbox 353 2473 367 2494; x_wconf 82' lang='lat' dir='ltr'>s.</span> <span class='ocrx_word' id='word_1_375' title='bbox 381 2463 502 2495; x_wconf 87' lang='lat' dir='ltr'>Bellarmino</span> <span class='ocrx_word' id='word_1_376' title='bbox 510 2468 546 2496; x_wconf 66' lang='lat'>1⁹2:</span> <span class='ocrx_word' id='word_1_377' title='bbox 563 2465 677 2503; x_wconf 81' lang='lat' dir='ltr'>«Loquitur</span> <span class='ocrx_word' id='word_1_378' title='bbox 689 2466 742 2497; x_wconf 89' lang='lat' dir='ltr'>enim</span> <span class='ocrx_word' id='word_1_379' title='bbox 755 2466 861 2504; x_wconf 72' lang='lat' dir='ltr'>Apostolus</span> 
     </span>
    </p>
   </div>
   <div class='ocr_carea' id='block_1_4' title="bbox 37 2545 203 2553">
    <p class='ocr_par' dir='ltr' id='par_1_10' title="bbox 37 2545 203 2553">
     <span class='ocr_line' id='line_1_40' title="bbox 37 2545 203 2553; baseline 0 -1"><span class='ocrx_word' id='word_1_380' title='bbox 37 2545 203 2553; x_wconf 73' lang='lat'>-—·..—..-...-..</span> 
     </span>
    </p>
   </div>
   <div class='ocr_carea' id='block_1_5' title="bbox 86 2607 378 2768">
    <p class='ocr_par' dir='ltr' id='par_1_11' title="bbox 86 2607 378 2768">
     <span class='ocr_line' id='line_1_41' title="bbox 86 2607 334 2647; baseline 0.004 -8"><span class='ocrx_word' id='word_1_381' title='bbox 86 2611 113 2632; x_wconf 70' lang='lat'>1³0</span> <span class='ocrx_word' id='word_1_382' title='bbox 126 2607 253 2646; x_wconf 85' lang='lat' dir='ltr'>Bellarmino,</span> <span class='ocrx_word' id='word_1_383' title='bbox 265 2618 306 2647; x_wconf 77' lang='lat' dir='ltr'>cap.</span> <span class='ocrx_word' id='word_1_384' title='bbox 319 2610 334 2640; x_wconf 75' lang='lat' dir='ltr'>i.</span> 
     </span>
     <span class='ocr_line' id='line_1_42' title="bbox 86 2668 378 2713; baseline 0.01 -12"><span class='ocrx_word' id='word_1_385' title='bbox 86 2671 113 2694; x_wconf 72' lang='lat'>1⁰1</span> <span class='ocrx_word' id='word_1_386' title='bbox 126 2668 174 2701; x_wconf 87' lang='lat' dir='ltr'>Vide</span> <span class='ocrx_word' id='word_1_387' title='bbox 186 2668 250 2701; x_wconf 85' lang='lat' dir='ltr'>Zorell</span> <span class='ocrx_word' id='word_1_388' title='bbox 262 2678 276 2702; x_wconf 89' lang='lat' dir='ltr'>s.</span> <span class='ocrx_word' id='word_1_389' title='bbox 287 2678 304 2701; x_wconf 92' lang='lat' dir='ltr'>v.</span> <span class='ocrx_word' id='word_1_390' title='bbox 320 2668 378 2713; x_wconf 65' lang='grc' dir='ltr'>ἄξιως.</span> 
     </span>
     <span class='ocr_line' id='line_1_43' title="bbox 88 2729 339 2768; baseline 0.008 -8"><span class='ocrx_word' id='word_1_391' title='bbox 88 2732 114 2754; x_wconf 60' lang='grc'>192</span> <span class='ocrx_word' id='word_1_392' title='bbox 128 2729 253 2763; x_wconf 71' lang='lat' dir='ltr'>Bellarmino</span> <span class='ocrx_word' id='word_1_393' title='bbox 267 2739 307 2768; x_wconf 87' lang='lat' dir='ltr'>cap.</span> <span class='ocrx_word' id='word_1_394' title='bbox 323 2729 339 2762; x_wconf 78' lang='lat'>3.</span> 
     </span>
    </p>
   </div>
   <div class='ocr_carea' id='block_1_6' title="bbox 0 0 989 3093">
    <p class='ocr_par' dir='ltr' id='par_1_12' title="bbox 0 0 989 3093">
     <span class='ocr_line' id='line_1_44' title="bbox 0 0 989 3093; baseline 0 0"><span class='ocrx_word' id='word_1_395' title='bbox 0 0 989 3093; x_wconf 95' lang='lat' dir='ltr'> </span> 
     </span>
    </p>
   </div>
  </div>
 </body>
</html>
