1952 3093
407 38 517 76 ..51-

52 163 110 205 ipsos
123 161 221 203 statuere,
236 170 258 196 se
272 170 318 197 esse
330 158 467 204 iustificatos;
482 159 549 197 multo
563 159 635 197 minus
648 159 694 198 sola
706 159 748 197 hac
762 159 804 198 fide
818 159 879 197 iusti-

51 231 121 270 ficatio
136 232 254 275 perficitur.

105 315 155 360 Cap.
173 316 232 354 10-13
249 320 314 360 agunt
330 317 355 354 de
372 317 467 354 secunda
482 316 641 361 iustificatione,
659 316 704 355 sive
722 317 748 354 de
765 327 879 355 conserva-

51 390 109 428 tione
121 392 142 425 et
152 389 275 427 evolutione
286 389 370 433 primae
382 368 612 433 iustificationisCap.
625 390 660 428 10:
675 389 729 426 Iusti
739 390 763 427 in
776 390 824 434 ipsa
836 389 878 426 ius-

51 461 98 500 titia
111 465 200 505 accepta
213 465 343 505 cooperante
355 462 398 499 fide
411 462 475 500 bonis
489 461 592 506 operibus
607 465 708 500 crescunt
722 466 742 500 et
755 464 822 506 magis
837 462 879 499 ius-

52 533 166 572 tificantur.
181 534 231 579 Cap.
245 535 280 572 11:
297 535 424 573 Observatio
438 535 590 573 mandatorum
603 535 724 572 iustificatis
738 546 781 573 non
796 538 827 573 est
841 534 880 571 im·

51 608 172 652 possibilis;
185 618 251 651 caque
264 612 353 645 omnino
366 608 489 645 necessaria
501 610 533 646 est
545 608 572 645 ad
585 608 760 653 consequendam
772 606 880 645 heredita·

52 684 100 718 tem.
114 680 177 717 Unde
190 680 258 717 iustus
273 681 331 718 nullo
347 681 411 718 modo
426 684 449 717 in
464 681 524 718 omni
538 691 603 724 opere
616 681 674 718 bono
689 683 772 724 peceat,
787 691 814 718 ne
827 682 879 716 tunc

51 752 145 798 quidem,
162 764 211 790 eum
226 753 305 790 intuitu
324 753 388 790 etiam
405 754 513 792 mercedis
528 756 628 790 aeternae
645 756 754 797 operatur.
772 752 823 797 Cap.
841 752 877 789 12:

53 825 94 863 Sed
106 825 157 862 licet
170 826 238 863 iustus
252 825 321 869 possit
334 826 450 863 ohservare
463 826 571 871 mandata,
583 829 654 869 potest
667 828 739 862 tamen
754 825 818 862 etiam
831 836 880 868 pec-

52 908 107 941 care,
120 908 196 942 neque,
211 898 229 935 si
243 898 348 942 peccarit,
364 901 444 935 certam
459 899 501 936 sihi
514 898 688 942 resipiscentiam
702 898 829 941 promittere
845 897 880 934 de-

49 970 90 1008 bet.
101 969 158 1009 Hinc
168 970 375 1014 praedestinationis
385 971 500 1008 temeraria
510 971 658 1015 praesumptio
669 971 765 1007 cavenda
776 974 814 1007 est.
826 969 876 1012 Cap.

53 1042 87 1080 13:
100 1043 160 1080 Idem
171 1044 228 1080 vaiet
239 1043 265 1080 de
274 1053 363 1081 munere
374 1043 556 1086 perseverantiae.
567 1043 615 1081 Non
628 1043 686 1081 enim
697 1043 721 1079 in
732 1042 830 1086 gloriam,
842 1041 880 1079 sed

53 1116 75 1152 in
89 1126 149 1159 spem
160 1117 241 1159 gloriae
254 1116 324 1153 renati
338 1119 386 1153 sunt
400 1119 420 1153 et
433 1119 530 1153 remanet
541 1115 585 1153 illis
597 1125 669 1159 pugna
682 1126 731 1152 cum
745 1125 816 1159 carne,
831 1125 880 1151 cum

53 1188 140 1231 mundo,
156 1199 205 1225 cum
221 1187 314 1226 diabolo.

107 1271 157 1315 Cap.
172 1272 231 1309 14-15
248 1276 313 1316 agunt
329 1273 355 1310 de
369 1272 433 1309 tertia
448 1271 608 1316 iustificatione,
624 1272 670 1310 sive
685 1272 711 1308 de
726 1271 880 1309 iustificatione

53 1355 133 1388 eorum,
145 1345 182 1389 qui
195 1344 286 1389 gratiam
299 1344 449 1388 perdiderunt.
461 1344 514 1388 Cap.
527 1345 563 1381 14:
578 1344 619 1388 Qui
632 1355 671 1388 per
685 1346 799 1387 peccatum
813 1354 825 1381 a
838 1343 878 1380 ius·

53 1416 178 1454 tificationis
197 1417 266 1461 gratia
286 1417 419 1461 exciderunt,
440 1428 514 1454 rursus
534 1416 647 1454 iustificari
667 1418 764 1460 possunt.
783 1415 879 1453 Breviter

53 1489 130 1526 modus
144 1489 209 1527 huius
223 1489 383 1527 iustificationis
400 1489 531 1526 describitur
548 1492 568 1526 et
582 1488 690 1533 quomodo
707 1499 719 1525 a
734 1488 806 1532 prima
820 1487 880 1524 iusti-

52 1560 151 1606 ficatione
169 1561 262 1604 differat,
279 1561 396 1598 indicatur.
410 1560 464 1604 ⁴Cap.
482 1561 517 1598 15:
534 1560 583 1598 Non
602 1561 647 1598 sola
664 1559 792 1598 infidelitate
808 1559 878 1604 gratia

53 1633 213 1671 iustificationis
226 1633 337 1678 amittitur,
349 1634 387 1671 sed
399 1634 459 1670 omni
471 1636 561 1677 peccato
575 1634 671 1678 mortali;
685 1643 729 1670 non
743 1636 813 1670 autem
827 1643 880 1669 sem-

54 1716 93 1749 per
105 1717 154 1743 eum
168 1706 236 1749 gratia
250 1705 303 1743 fides
317 1706 429 1743 amittitur.

108 1789 158 1833 Cap.
171 1790 207 1827 16:
222 1790 265 1833 agit
278 1790 304 1827 de
317 1791 390 1827 fructu
402 1789 569 1832 iustificationis,
582 1790 624 1826 hoe
638 1791 670 1826 est
684 1788 710 1826 de
723 1789 800 1826 merito
814 1788 881 1826 bono-

54 1873 102 1898 rum
116 1873 213 1906 operum,
228 1862 296 1906 deque
310 1862 382 1899 meriti
397 1861 466 1904 ipsius
482 1861 572 1898 ratione.

107 1946 229 1990 Sequuntur
243 1946 267 1982 33
283 1955 384 1988 canones,
398 1944 476 1989 quibus
490 1955 574 1982 errores
589 1944 641 1982 huic
657 1944 769 1982 doctrinae
784 1944 881 1988 oppositi

55 2018 181 2056 reiciuntur.
