1952 3093
353 125 354 128 Ἴ
404 52 525 128 faer-

107 191 184 234 «Quae
196 189 262 234 igitur
274 200 312 227 sua
325 190 401 228 merita
415 190 533 227 iactaturus
548 193 580 238 est
593 189 703 232 liberatus,
717 199 765 226 cum
781 188 799 225 si
814 187 878 231 digna

54 264 97 303 suis
113 262 196 299 meritis
212 262 361 305 redderentur,
376 247 419 300 non
435 265 490 299 esset
505 262 548 299 uisi
565 261 692 299 damnatus?
706 261 797 298 Nullane
813 259 879 303 igitur

55 337 106 374 suut
116 333 193 371 merita
206 333 325 371 iustorum‘l
339 333 392 372 Sunt
405 334 476 379 plane,
488 334 539 378 quia
553 334 604 371 iusti
617 336 673 370 suni.
687 332 730 370 Sed
743 336 766 369 ut
779 332 830 370 iusti
844 331 878 368 fie-

54 411 106 451 rent,
120 406 196 443 merita
208 417 252 443 non
266 407 415 443 fuerunt»1⁶1.
428 429 455 433 -
469 407 550 450 «Quod
563 410 594 443 est
607 415 657 448 ergo
671 406 772 443 meritum
784 403 879 441 hominis

54 481 102 518 ante
113 477 211 523 gratiam,
223 488 266 523 quo
280 477 359 516 merito
371 478 479 522 percipiat
492 472 589 521 gratiam,
604 488 652 514 cum
667 488 729 514 omne
743 477 823 514 honum
837 486 879 513 rne-

54 552 119 589 ritum
130 553 228 588 nostrum
238 561 282 588 non
294 550 317 586 in
329 550 392 588 nohis
404 550 470 588 iaciat
482 550 525 587 nisi
537 551 612 594 gratia,
624 553 650 593 et,
661 561 709 586 cum
721 550 778 586 Deus
789 551 879 586 coronat

55 623 130 662 merita
141 625 222 669 nostra,
234 623 290 660 nihil
303 623 362 661 aliud
375 627 464 661 coronet
475 633 539 667 quarn
552 634 641 660 munera
655 633 692 659 sua
701 626 755 658 ,aaa
766 644 794 649 —
807 620 878 658 «Cum

55 697 111 735 enim
123 696 224 734 dixisset:
237 696 374 740 Stipendium
385 697 469 740 peccati
480 706 538 733 mors
547 700 580 736 1⁶2.
589 695 637 740 quis
647 705 690 732 nou
703 707 751 733 eum
762 704 880 738 congruen-

54 770 136 808 tissime
154 772 173 806 el
191 772 348 813 consequenter
365 769 445 807 addere
461 768 575 811 iudicaret,
593 769 611 805 si
630 767 722 806 diceret:
743 767 879 811 Stipendium

55 845 124 880 autem
137 840 232 879 iustitiae
245 841 290 878 vita
304 841 404 879 aeterna‘.l
416 840 443 878 Et
456 852 531 878 verum
546 844 586 885 est,
601 840 658 885 quia,
672 840 728 877 sicut
741 840 819 877 merito
832 850 880 883 pec-

56 914 97 953 cati
112 916 221 958 tamquam
236 913 369 957 stipendium
384 914 484 951 redditur
499 924 564 956 mors,
580 914 609 949 ita
625 913 702 950 merito
717 913 812 949 iustitiae
827 915 879 948 tam-

56 997 118 1031 quam
134 985 267 1029 stipendium
281 986 325 1022 vita
339 975 488 1025 aeternam.
647 979 649 982 ¹

109 1057 128 1094 S.
143 1057 251 1095 Paospaa:
270 1057 419 1095 «Iustificatus
435 1058 506 1101 itaque
523 1058 594 1099 homo,
611 1058 633 1093 id
652 1060 689 1096 est.
705 1069 730 1094 ex
747 1057 814 1100 impio
831 1056 879 1099 pius

56 1131 131 1173 iactus,
147 1129 207 1166 nullo
223 1129 367 1173 praecedente
384 1130 442 1167 hono
458 1129 541 1171 merito,
559 1129 640 1173 accipit
658 1129 744 1171 donum,
762 1139 804 1172 quo
822 1128 879 1165 dono

56 1201 152 1246 acquirat
165 1203 185 1238 et
196 1201 297 1238 meritum
305 1213 316 1236 »
324 1204 359 1237 1⁶⁵.
371 1225 398 1229 —
409 1201 465 1238 Inani
480 1201 520 1242 (oz
535 1201 651 1243 «Abunde,
664 1204 767 1244 quantum
779 1200 879 1241 arbitror,

56 1275 88 1310 his
101 1273 238 1317 testimoniis,
252 1273 350 1317 quamvis
363 1278 383 1311 et
394 1274 436 1310 alia
451 1274 580 1310 documenta
593 1274 703 1317 aggregari
716 1272 832 1316 potuerint,
847 1272 881 1309 de-

58 1346 198 1382 monstratum
213 1347 245 1382 est
257 1344 328 1388 fidem,
343 1355 384 1388 qua
398 1344 527 1382 justificatur
539 1345 626 1388 impius,
641 1344 684 1381 nisi
700 1356 725 1381 ex
739 1344 778 1381 Dei
792 1353 881 1380 munere

58 1427 100 1454 non
117 1415 199 1462 haberi,
217 1427 305 1460 eamque
322 1416 387 1453 nullis
405 1416 489 1453 meritis
507 1416 688 1459 praecedentibus
705 1415 779 1457 tribui,
798 1415 837 1452 sed
853 1415 880 1453 ad

57 1489 97 1526 hoc
110 1488 194 1530 donari,
206 1492 229 1526 ut
240 1488 375 1532 principium
387 1489 456 1538 possit
469 1500 515 1525 esse
526 1489 658 1531 meritorum,
672 1492 697 1528 et,
710 1500 758 1526 cum
771 1489 818 1532 ipsa
832 1487 880 1524 data

59 1561 122 1598 tuerit
137 1571 181 1598 non
196 1560 269 1604 petita,
286 1561 355 1604 ipsius
371 1550 414 1598 iam
431 1561 572 1604 petitionibus
588 1561 646 1598 hona
660 1564 731 1599 cetera
748 1571 880 1604 consequan-

57 1636 151 1671 rursm.

111 1705 130 1743 S.
145 1705 295 1743 Fundenrrus:
314 1705 373 1749 «Qui
389 1716 439 1750 ergo
452 1706 515 1744 nobis
531 1707 591 1743 dedit
605 1705 663 1750 1111011
678 1706 790 1743 reddendo
806 1705 881 1743 debea-

58 1788 110 1820 mus,
122 1777 169 1821 ipse
182 1778 245 1816 nobis
259 1778 348 1815 donabit
361 1779 485 1816 facultatem
498 1789 538 1822 qua
551 1779 659 1821 possimus
672 1778 763 1815 reddere
775 1777 835 1822 quod
847 1778 881 1815 de-

58 1850 137 1887 bemus.
151 1849 190 1886 Ille
204 1851 270 1894 igitur
283 1853 358 1888 auctor
372 1854 404 1888 est
419 1850 486 1888 debiti
501 1852 537 1895 11111
552 1853 627 1888 auctor
641 1853 672 1887 est
686 1850 744 1893 doni,
760 1861 810 1887 nam
825 1852 845 1887 et
860 1861 882 1887 se

59 1921 129 1963 ipsum
144 1933 182 1958 sua
196 1922 294 1966 largitate
311 1922 410 1966 dignatus
425 1926 457 1959 est
471 1923 542 1960 iacere
559 1923 684 1966 debitorem,
699 1934 741 1960 non
759 1922 810 1966 quia
825 1922 881 1964 indi,-

58 2002 109 2035 gens
122 1993 148 2030 ab
162 1993 234 2038 aliquo
246 1994 337 2037 accepit,
349 1995 387 2031 sed
399 1994 502 2038 quoniam
516 1995 628 2031 abundans
641 1994 731 2037 largiter
743 1994 838 2031 tribuit»
847 1998 881 2030 1⁶⁷.

110 2065 129 2103 S.
142 2064 263 2103 Gnaaoarus
277 2066 379 2104 Maerens:
397 2066 498 2103 «Bonum
511 2067 569 2109 quod
584 2066 666 2110 agimus
680 2069 700 2103 et
713 2066 753 2104 Dei
768 2068 800 2103 est
812 2069 833 2103 et
846 2076 882 2104 no·

59 2139 135 2173 strum:
152 2137 192 2174 Dei
205 2149 244 2181 per
258 2137 434 2181 praevenientem
448 2138 545 2180 gratiam,
560 2141 658 2175 nostrum
673 2148 713 2180 per
727 2138 880 2182 obsequentem

58 2207 146 2246 liberam
160 2209 299 2247 voluntatem.
313 2209 334 2246 Si
349 2210 406 2246 enim
420 2210 460 2246 Dei
474 2219 517 2247 non
531 2213 567 2251 est,
581 2209 639 2246 unde
652 2209 672 2246 ei
685 2209 765 2252 gratias
779 2209 802 2246 in
816 2212 882 2246 aeter-

107 2374 132 2396 uer
146 2371 207 2409 Epist.
220 2372 259 2409 191,
272 2371 288 2406 3,
301 2371 320 2406 6:
332 2371 365 2403 ML
377 2372 405 2406 33.
418 2371 461 2408 876;
476 2371 491 2404 R
505 2371 555 2404 1449.

106 2435 132 2456 112
146 2432 220 2465 ibidem
233 2433 249 2470 5,
262 2432 292 2468 19:
306 2431 339 2464 ML
351 2432 379 2470 33,
393 2432 436 2469 880:
451 2432 467 2464 R
481 2432 532 2464 1452.

106 2495 132 2517 ¹⁴⁸³
146 2493 195 2525 Rom
208 2494 223 2529 6,
235 2493 262 2525 23.

106 2553 221 2585 1641111111111
236 2554 251 2590 5,
266 2554 297 2590 203
313 2553 346 2585 ML
360 2554 388 2591 33,
403 2554 446 2589 881;
462 2553 478 2585 R
491 2553 546 2589 iiam
561 2554 585 2585 ct.
599 2554 615 2586 R
629 2554 680 2590 1198,
696 2556 747 2590 1502,
763 2554 815 2589 18117,
830 2554 881 2587 1937.

108 2616 132 2637 ’95
146 2613 202 2651 Resp.
215 2614 238 2645 ad
250 2623 291 2651 cap.
303 2613 372 2646 obieci.
383 2613 433 2646 Gall.
445 2614 464 2649 6;
477 2613 510 2645 ML
522 2614 550 2649 51,
562 2614 605 2650 131;
618 2613 634 2646 R
645 2613 696 2645 2027.

108 2677 133 2697 ¹⁸¹⁵
146 2674 173 2706 De
183 2674 286 2706 vocatione
296 2674 385 2707 omnium
396 2674 484 2713 gentium
495 2674 511 2708 1,
523 2674 554 2710 24:
568 2674 601 2706 ML
613 2675 640 2711 51,
653 2674 695 2708 9791
709 2674 724 2708 R
737 2675 788 2707 2045.

108 2736 134 2759 167
148 2734 175 2765 rid
188 2734 302 2771 Monimum,
314 2734 375 2772 Prol.;
386 2734 419 2767 ML
431 2735 458 2770 65.
472 2734 514 2771 151;
528 2735 542 2767 R
556 2735 607 2767 2253.
