1952 3093
392 8 514 45 -211-

42 140 108 177 Deum
124 133 207 170 auxilio
223 133 341 169 intrinsece
359 132 518 175 supernaturali
535 131 622 175 gratiae,
640 135 663 168 ut
679 132 713 167 vel
731 142 778 168 eum
796 133 868 167 actum

43 207 160 248 intrinsece
173 206 299 248 naturalem,
314 204 434 241 extrinsece
447 204 632 247 supernaturalem
646 215 670 241 ac
685 204 777 240 subinde
792 203 869 240 saluta-

44 291 87 320 rem
100 278 156 323 edat,
168 278 202 315 vel
216 277 279 314 simul
294 267 343 314 cum
356 280 405 314 actu
418 277 537 313 intrinsece
550 277 644 313 naturali
658 277 721 314 etiam
735 276 800 313 alium
814 276 868 312 eius-

45 355 91 391 dem
102 349 190 387 virtutis
201 349 320 386 intrinsece
333 349 519 392 supernaturalem
532 349 605 385 eliciat
617 349 676 386 circa
688 349 746 385 idem
758 348 868 386 obiectum

44 423 139 465 formale,
151 422 209 466 quod
220 421 306 466 utrique
318 422 375 458 actui
386 421 479 458 naturali
490 432 515 457 ac
527 421 685 463 supernaturali
699 431 812 457 commune
823 423 866 457 est:

45 501 106 540 atque
119 495 149 530 ita
163 484 241 530 nullus⁶
250 493 278 530 sit
292 496 382 531 conatus
397 493 508 530 moral-iter
523 493 592 530 bonus
608 496 703 537 naturae,
717 504 781 537 quern
796 492 868 536 aliqua

44 566 111 613 gratia
123 565 294 609 supernaturalis
308 576 351 602 non
365 565 518 608 praeveniat».
533 565 576 600 «In
590 575 637 601 mea
651 564 758 602 sententia
770 564 868 601 absolute

44 649 117 677 rerum
134 640 172 681 est,
190 638 218 674 ad
235 637 347 682 quodlibet
363 637 445 674 bonum
462 648 516 680 opus
534 637 622 679 morale,
641 637 686 674 sive
705 637 733 673 ad
751 636 868 680 quemlibet

44 709 129 747 virtutis
138 709 227 745 moralis
236 712 309 746 actum
320 709 467 745 necessarium
477 720 523 745 esse
534 719 574 751 per
584 719 606 745 se
617 711 706 745 naturae
715 708 817 745 rationali
828 708 869 744 ele-

45 785 104 818 vatae
118 780 222 816 auxilium
235 780 381 823 theologicum
394 780 482 824 gratiae,
497 780 579 824 dequo
593 779 690 817 Concilia
704 791 729 816 ae
743 779 816 816 Patres
830 779 869 815 Ec-

45 853 122 890 clesiae
136 852 240 888 adversus
252 852 335 895 gratiae
345 852 418 889 hostes
433 846 581 888 disseruerunt
590 864 600 887 »
609 854 643 888 ²1⁷.

97 923 198 960 Palmieri
216 924 242 961 de
258 924 299 960 hac
316 924 423 960 sententia
439 923 531 960 iudicat:
552 922 638 960 «Nobis
655 923 762 960 sententia
777 922 870 966 Ripalda

46 999 132 1038 accepta
148 996 266 1032 secundum
284 996 440 1039 amplissimam
456 1007 515 1032 suam
531 996 716 1032 universalitatem
732 995 807 1040 neq-uit
822 1006 869 1039 per-

46 1067 151 1105 suaderi...
165 1067 186 1104 si
199 1071 270 1104 tamen
283 1068 310 1104 ad
324 1068 380 1104 solos
392 1067 466 1105 fideles
477 1071 609 1105 coarctetur:
625 1078 673 1105 cunr
688 1068 747 1104 nulla
759 1077 870 1111 argumen-

46 1145 65 1177 ta
80 1140 166 1177 obstent
180 1143 199 1176 et
212 1151 253 1183 pro
266 1140 307 1176 hac
321 1140 438 1183 hypothesi
452 1140 545 1177 maxime
560 1140 645 1177 valeant
660 1139 755 1177 rationes
770 1139 869 1183 Ripalda,

46 1223 91 1249 eam
104 1222 216 1248 censemus
226 1222 299 1248 veram
311 1223 365 1248 esse.
377 1212 421 1248 Nee
433 1215 544 1255 praeterea
556 1222 658 1255 negamus
670 1212 750 1248 auxili-a
763 1211 869 1248 naturalia

47 1284 138 1327 gratuita
152 1284 253 1327 gentibus
265 1295 351 1326 semper
363 1287 449 1327 praesto
465 1295 517 1326 esse,
532 1295 586 1327 quae
602 1284 645 1320 sint
661 1284 782 1321 extrinsece
798 1295 870 1326 super-

46 1355 151 1392 naturalia
169 1367 194 1391 ex
211 1355 288 1392 merito
306 1354 387 1392 Christi
405 1355 453 1392 data
462 1368 472 1391 »
480 1357 515 1392 Μ.
531 1355 635 1392 Pesenm
652 1358 735 1393 censet:
756 1355 870 1392 «Facilius

46 1427 100 1464 haec
112 1427 218 1464 sententia
232 1427 317 1464 admitti
328 1430 405 1472 potest,
419 1428 437 1464 si
450 1427 588 1470 restringitur
599 1428 628 1464 ad
641 1428 698 1465 solos
710 1427 794 1471 fideles,
806 1438 870 1471 quam

48 1499 64 1534 si
81 1498 205 1535 extenditur
220 1499 285 1534 etiarn
302 1499 328 1535 ad
344 1498 451 1543 infideles;
468 1499 519 1543 quia
535 1510 596 1536 secus
612 1499 727 1536 difficulter
742 1499 870 1542 explicatur,

48 1581 86 1606 cnr
98 1570 169 1606 nullus
181 1570 247 1607 homo
260 1570 345 1607 adultus
359 1571 407 1607 sine
418 1570 461 1607 fide
474 1571 563 1614 proprie
578 1571 636 1607 dieta
649 1570 762 1608 iustificari
775 1571 844 1614 possit
853 1583 871 1607 a.

49 1786 123 1823 THESIS
137 1788 168 1822 ll:
181 1787 281 1821 Peccator
292 1787 376 1820 adultus
389 1787 435 1820 sine
445 1788 514 1828 gratia
527 1797 569 1821 non
580 1790 650 1827 potest
664 1788 699 1821 dia
716 1788 829 1821 observare
844 1789 874 1821 to=

97 1849 139 1880 tam
151 1848 218 1888 legem
231 1847 349 1880 naturalem
362 1847 431 1888 quoad
448 1847 598 1886 substanttam
618 1848 670 1881 tales
689 1848 745 1881 enim
762 1850 876 1881 occurrant

97 1908 228 1947 tentativaes
242 1917 294 1948 quas
307 1907 394 1941 honeste
404 1908 497 1948 propriis
511 1908 590 1941 viribus
602 1917 703 1947 superate
716 1908 792 1948 nequit.

100 2031 141 2068 Per
153 2034 266 2075 peccatum
278 2031 338 2068 Adae
351 2041 417 2075 genus
430 2032 548 2068 humanum
562 2032 641 2068 donum
655 2031 786 2074 integritatis
799 2031 872 2074 perdi-

49 2103 89 2147 ‹lit3
101 2104 166 2141 homo
178 2093 296 2140 secundum
307 2114 386 2146 corpus
399 2107 420 2140 et
430 2104 524 2140 animam
536 2104 559 2139 in
573 2103 666 2140 deterius
679 2106 822 2140 commutatus
834 2106 871 2140 est.

49 2174 108 2212 Licet
122 2178 198 2212 natura
212 2176 344 2212 intrinsecus
358 2186 402 2212 non
417 2176 445 2212 sit
459 2179 567 2219 corrupta,
581 2175 646 2212 homo
661 2178 732 2212 tamen
747 2176 872 2213 vulneratus

51 2248 118 2283 estin
132 2247 273 2285 naturalibus
286 2259 334 2284 cum
348 2248 406 2285 laesa
420 2247 448 2284 sit
461 2248 498 2284 illa
512 2248 632 2290 harmonia.
645 2258 700 2291 quae
715 2248 771 2285 dono
787 2248 874 2291 integri-

50 2319 99 2355 tatis
111 2319 237 2355 habebatur.
249 2319 307 2356 Adeo
319 2318 417 2355 infirmus
428 2322 460 2356 est
470 2319 542 2362 homo,
554 2322 577 2355 ut
589 2319 635 2355 sine
646 2320 715 2362 gratia
728 2323 786 2356 certo
799 2330 873 2362 perve-

49 2390 94 2426 niat
105 2390 132 2427 ad
142 2393 255 2434 peccatum
267 2391 364 2427 mortale.
374 2391 405 2427 De
416 2391 458 2427 hac
469 2390 593 2427 infirmitate
603 2391 636 2427 rel
650 2391 675 2427 de
687 2392 815 2428 necessitate
827 2401 872 2434 gra-

99 2545 125 2569 211'·
140 2542 187 2575 Seet.
202 2543 218 2575 3.

99 2605 126 2627 21⁸
139 2602 184 2640 Pag.
198 2602 238 2634 268.

99 2665 126 2686 ²1⁹
139 2662 171 2693 Nr.
184 2662 224 2693 127.
