1952 3093
449 69 475 75 ω
490 47 528 85 300
543 70 569 74 —

96 174 158 209 natus
175 175 212 214 est,
228 171 291 207 talem
308 172 379 207 aetum
396 168 563 207 intellectualem
580 171 637 205 recte
654 179 756 205 vocamus
774 168 920 206 immediatam

96 243 262 281 illustrationem
271 255 281 278 »
290 245 305 278 ⁵.

147 320 250 358 Voluntas
268 319 360 357 mediate
378 320 499 364 inspiratur
516 331 547 363 eo,
565 319 623 364 quod
639 319 762 356 intellectus
780 318 800 356 ei
817 319 922 363 proponit

95 392 205 430 obiectum
225 392 279 433 (sive
297 392 391 429 mediata
408 391 552 429 illustratione
569 392 614 428 sive
632 391 765 434 immediata)
784 393 805 428 et
822 391 922 428 voluntas

96 464 215 501 secundum
227 465 284 508 leges
297 467 386 501 naturae
399 473 449 508 erga
461 464 516 501 illud
529 463 637 500 obiectum
649 463 750 508 afficitur;
762 462 816 500 haec
828 462 921 501 mediata

96 535 212 580 inspiratio
227 536 344 573 voluntatis
358 547 397 580 per
412 547 434 574 se
449 546 498 573 cum
510 535 654 573 illustratione
668 536 791 573 intellectus
806 535 922 573 coniuncta

97 612 135 646 est.
147 608 274 645 immediate
286 608 386 646 voluntas
399 608 519 652 inspiratur
533 619 544 645 a
556 607 608 651 Deo,
621 607 639 645 si
650 607 707 645 Deus
721 607 845 645 immediate
858 607 922 645 talem

98 683 178 717 motum
192 680 309 717 voluntatis
324 681 454 725 causatum
470 680 492 716 in
509 690 554 717 esse
570 690 608 718 suo
623 679 715 723 physico
731 680 759 717 ad
774 679 874 717 ordinem
890 690 922 716 su-

98 753 258 795 pernaturalem
272 753 373 796 pertinet,
388 753 426 797 qui
441 752 535 797 proinde
549 755 620 789 motus
636 755 668 789 est
684 752 790 789 salutaris.

149 829 266 868 Petarius⁶
285 831 369 874 putavit
388 830 484 868 sufficere
505 830 621 867 mediatam
641 830 808 874 inspirationem
827 830 923 867 volunla-

98 902 134 946 tis;
152 902 190 940 sed
206 902 270 946 longe
288 902 424 940 communius
443 902 532 940 docetur
548 902 664 945 inspiratio
680 902 813 939 immediata.

149 980 234 1017 «Actus
253 980 392 1017 indeliberati
412 983 432 1016 et
451 979 595 1017 deliberatis:
618 983 677 1017 actus
698 979 811 1017 deliberati
830 980 847 1016 ii
867 983 922 1023 sunt,

97 1052 134 1096 qui
150 1056 170 1089 ct
187 1054 293 1096 quatenus
310 1063 322 1089 a
338 1052 407 1089 libera
426 1052 531 1089 electione
548 1051 643 1090 hominis
660 1052 765 1096 pendent;
783 1051 922 1089 indeliberati

96 1124 136 1167 illi,
150 1124 187 1168 qui
199 1124 291 1161 liberam
304 1124 432 1162 electionem
444 1124 540 1161 hominis
554 1127 696 1167 antevortunt,
711 1124 744 1161 rel
760 1128 835 1161 eontra
849 1124 923 1161 volun-

97 1199 162 1233 tatem
177 1195 274 1233 hominis
290 1196 416 1239 perdurant.
431 1196 524 1233 Possunt
541 1207 586 1234 esse
603 1198 663 1233 actus
678 1196 795 1233 voluntatis
812 1197 845 1234 vel
861 1196 923 1233 intel-

97 1268 172 1305 lectus
189 1268 254 1306 Actus
272 1268 385 1305 deliberati
402 1269 493 1312 speciali
511 1261 575 1306 modo
593 1268 619 1306 ah
637 1268 725 1306 homine
742 1268 802 1311 fiunt,
818 1271 923 1312 quatenus

99 1340 178 1378 utendo
194 1351 232 1377 sua
246 1340 346 1377 libertate
361 1351 398 1378 eos
412 1341 473 1378 elicit
486 1341 520 1378 vel
533 1340 652 1384 perdurare
666 1341 782 1385 permittit;
798 1340 840 1377 hoc
857 1340 923 1377 domi-

98 1413 158 1449 nium
171 1413 237 1450 homo
250 1423 293 1449 non
308 1415 394 1450 exercet
408 1413 430 1448 in
445 1412 529 1456 origine
544 1416 629 1450 actuum
643 1412 843 1467 indeliberatorum,
857 1415 877 1450 et
892 1412 923 1449 sic

99 1484 130 1521 illi
143 1484 303 1529 quodammodo
316 1485 370 1522 fiunt
383 1486 406 1522 in
420 1485 483 1522 nohis
497 1485 543 1522 sine
557 1485 626 1529 nohis,
640 1485 663 1522 id
677 1488 709 1522 est
721 1484 768 1522 sine
780 1485 844 1522 nohis
856 1484 923 1521 libere

99 1556 227 1600 eligentibus
245 1557 279 1594 uel
297 1556 494 1602 consentientibus;
514 1557 556 1593 «in
574 1557 638 1594 nobis
657 1557 695 1594 sed
712 1557 759 1593 sine
777 1556 860 1594 nobis»
880 1567 922 1593 non

100 1628 206 1673 significat
220 1629 269 1666 illos
283 1631 343 1666 actus
357 1639 401 1666 non
415 1629 465 1666 elici
479 1640 491 1666 a
504 1629 605 1667 facultate
618 1629 685 1666 vitali.

151 1706 215 1744 Actus
228 1706 349 1745 intellectus
363 1711 413 1745 sunt
426 1706 572 1751 apprehensio
586 1708 678 1750 simplex
692 1711 712 1745 et
726 1706 879 1751 comparativa,
893 1706 923 1744 iu·

99 1779 180 1816 dicium
196 1779 352 1822 speculativum
370 1783 389 1816 et
405 1779 536 1823 practicum3
554 1790 628 1817 omnes
645 1779 677 1816 illi
694 1782 754 1816 actus
770 1781 861 1822 possunt
877 1789 923 1817 esse

99 1851 210 1888 entitative
226 1851 407 1895 supernaturales,
422 1854 442 1888 et
457 1862 505 1888 cum
519 1851 584 1888 homo
599 1862 639 1895 per
652 1851 701 1888 illos
717 1851 745 1888 ad
761 1853 832 1888 actum
847 1851 923 1889 saluta-

98 1934 143 1960 rem
156 1922 248 1966 perduci
261 1923 337 1967 possit,
350 1934 425 1961 omnes
439 1934 478 1967 per
492 1934 514 1960 se
527 1926 618 1966 possunt
629 1923 710 1961 hahere
723 1924 829 1960 rationem
843 1927 924 1967 gratiae

99 1996 198 2039 actualis3
212 1996 287 2032 saltem
301 1999 371 2032 autem
384 1996 426 2033 hoc
441 1995 558 2032 dicendum
572 1999 603 2032 est
616 1996 641 2033 de
654 1996 736 2033 iudicio
750 1995 855 2039 practico.
868 1994 924 2033 Ade-

100 2070 145 2104 ctus
158 2070 228 2105 autem
241 2067 358 2104 voluntatis
370 2071 419 2105 sunt
432 2078 493 2104 amor
507 2067 678 2108 (benevolentiae
693 2070 713 2105 et
726 2067 924 2111 concupiscentiae)

100 2142 120 2176 et
133 2139 214 2182 odium,
226 2139 328 2183 gaudium
341 2143 362 2177 et
375 2140 450 2184 timor;
465 2150 539 2176 omnes
552 2143 643 2182 possunt
657 2151 703 2178 esse
717 2140 891 2183 supernatur-des
905 2142 925 2177 et

99 2211 234 2255 principium
245 2214 304 2249 actus
314 2212 423 2253 salutaris;
433 2222 507 2249 omnes
518 2220 567 2255 ergo
577 2215 668 2254 possunt
678 2223 724 2249 esse
734 2212 803 2255 gratia
812 2212 902 2250 actualis
910 2215 925 2248 ⁷,

149 2408 156 2429 ⁵
170 2405 239 2443 Lange,
252 2405 280 2437 De
293 2405 357 2443 gratia
368 2414 398 2437 nr.
412 2404 453 2438 493.

149 2469 156 2490 fl
169 2466 197 2498 De
211 2466 273 2504 dogm.
285 2465 323 2504 pel.
336 2476 357 2498 ae
371 2465 459 2504 semipel.
472 2475 514 2504 cap.
528 2466 555 2498 10.

148 2526 291 2565 rnugusunus
307 2526 388 2565 speciali
405 2525 463 2558 modo
480 2526 589 2565 caritatem,
607 2526 738 2565 dilectionem,
756 2530 813 2560 vocat
830 2527 924 2567 gratiam

101 2586 134 2618 sed
147 2586 179 2619 his
193 2596 233 2619 non
248 2586 344 2625 intelligit
358 2587 424 2619 solum
437 2588 514 2619 motum
529 2587 619 2620 caritatis
634 2597 693 2620 sensu
709 2587 783 2626 stricto,
798 2588 832 2621 sed
847 2574 925 2621 omnem

100 2646 175 2679 honum
188 2648 264 2678 motum
276 2647 396 2683 voluntatis;
410 2647 435 2679 cf.
448 2646 526 2685 Beraza,
538 2656 568 2679 nr.
580 2647 644 2685 69-75;
657 2647 725 2686 Lange,
738 2657 767 2679 nr.
781 2648 814 2680 510
828 2650 847 2680 et
860 2650 925 2681 aucto-

101 2715 132 2740 res
145 2706 174 2739 ibi
186 2707 263 2740 citatos.
