1952 3093
367 71 489 107 -243-

66 196 101 231 lac
117 194 135 237 l,
147 192 172 229 22
179 204 187 229 ;’
201 193 292 230 «Estote
306 196 376 229 autem
390 192 483 229 factores
497 191 566 236 verbi,
580 194 601 228 et
614 200 659 227 non
673 190 784 227 auditores
797 192 843 226 tan-

18 276 70 309 tum:
85 266 183 302 salientes
196 265 366 308 vosmetipsos».
378 287 406 291 -
417 264 453 300 Iac
466 265 484 307 1,
496 263 532 300 25:
549 275 559 299 «
568 263 608 306 Qui
622 266 692 300 autem
705 262 842 307 perspexerit

17 345 38 380 tn
55 341 124 381 legem
138 337 258 381 perfectam
275 336 388 380 libertatis,
405 339 427 373 et
443 335 588 379 permanserit
605 336 628 372 in
645 346 675 380 ea,
692 345 736 372 non
754 334 842 372 auditor

18 410 134 453 obliviosus
148 409 225 453 tactus,
240 409 278 445 sed
292 409 363 446 tactor
375 408 455 452 operis,
468 408 505 445 hic
519 407 594 445 beatus
609 408 631 444 in
647 408 704 444 iacto
719 418 757 446 suo
773 406 841 444 erit».

16 508 42 514 μ
51 484 86 520 Iac
98 481 117 528 2,
128 481 190 518 8ss.:
203 481 245 518 «Si
257 484 328 518 tamen
338 481 407 529 legem
415 467 521 523 perficitis
533 480 626 523 regalem
638 479 758 516 secundum
769 479 841 523 Scrip-

17 541 83 595 turas:
104 554 180 597 diliges
196 553 320 597 proximum
336 556 396 590 tuum
411 553 468 590 sicut
483 555 503 589 te
518 553 596 596 ipsum,
611 553 666 590 hene
684 552 776 589 facitis...
793 552 842 595 Qui-

18 637 105 671 cumque
115 629 185 662 autem
196 628 263 662 totam
273 625 341 669 legem
352 625 477 669 servaverit,
487 623 585 661 offendat
596 627 667 661 autem
677 625 700 660 in
710 634 760 668 uno,
770 624 840 661 iactus

18 704 48 739 est
61 697 158 736 omnium
170 708 225 734 reus.
234 724 252 734 ..
267 697 302 734 Sic
315 697 438 741 ioquimini,
453 696 519 734 etsie
532 696 598 733 facite
612 697 668 733 sicut
681 708 720 739 per
733 697 802 740 legem
815 696 841 732 li-

17 770 104 810 bertatis
119 769 251 812 incipientes
265 769 366 806 iudicari.
375 797 393 806 ..
407 768 465 811 Quid
479 768 579 812 proderit
592 768 671 805 fratres
683 768 726 805 mei
742 768 761 805 si
776 768 841 804 fidem

18 843 64 889 quis
80 841 139 878 dicat
155 852 177 878 se
193 841 280 884 habere,
296 851 364 885 opera
378 844 450 878 autem
465 851 510 877 non
525 839 617 877 habeat?
633 840 745 885 Numquid
760 839 842 884 poterit

17 915 68 952 fides
77 913 161 950 salvare
170 924 219 950 eum
227 912 252 949 »l
261 935 290 940 -
299 912 363 951 Fides
374 913 422 949 sine
430 912 533 956 operibus
544 915 629 949 mortua
640 915 672 949 est
685 912 712 958 (2,
721 911 754 949 20.
763 912 804 955 26).
814 934 842 939 -

18 987 48 1024 Cf.
56 987 126 1023 textus
136 996 148 1021 a
157 995 218 1021 conc.
228 984 279 1021 trid.
289 985 366 1021 citatos
375 985 430 1021 Rom
439 984 458 1028 8,
467 984 501 1028 173
512 984 571 1021 Hebr
580 985 599 1027 5,
608 984 620 1021 8
630 995 656 1028 s.;
667 985 678 1021 1
688 984 730 1021 Cor
738 984 756 1028 9,
766 984 791 1020 24
802 995 840 1028 ss.;

18 1059 29 1095 2
42 1058 91 1095 Petr
102 1057 120 1100 1,
134 1057 165 1095 10.

68 1141 90 1178 Si
105 1140 186 1177 dicitur
199 1139 298 1178 Christus
310 1139 361 1177 finis
373 1140 427 1183 legis
437 1140 505 1182 «tuom
520 1140 552 1185 10,
565 1139 593 1183 4),
607 1140 642 1177 vel
654 1140 724 1184 legem
737 1150 782 1177 non
796 1140 840 1176 iam

18 1224 61 1250 esse
76 1210 124 1253 (Gal
135 1212 153 1255 3,
164 1211 199 1256 25;
211 1212 229 1257 4,
242 1211 269 1256 5),
282 1212 317 1250 vel
326 1211 401 1251 fideles
412 1222 456 1249 non
470 1222 515 1249 esse
528 1211 626 1256 sublege
640 1211 704 1254 (Rom
716 1211 734 1255 6,
747 1211 788 1256 14),
801 1211 840 1248 sub

18 1284 119 1322 servitute
133 1283 182 1326 (Gal
193 1284 212 1328 5,
225 1285 243 1321 1.
257 1283 290 1327 13)
301 1295 329 1322 ex
341 1286 445 1321 contextu
457 1287 547 1328 apparet
559 1294 681 1322 sermonem
693 1294 742 1321 esse
755 1284 781 1322 de
793 1284 840 1328 lege

17 1360 92 1400 vetere,
105 1367 245 1400 quaererem
258 1356 360 1400 abrogata
371 1359 412 1401 est,
426 1367 501 1393 sensus
513 1360 584 1394 autem
596 1367 640 1394 non
654 1360 691 1401 est,
703 1357 771 1394 iustos
782 1356 841 1393 nullo

17 1428 79 1466 modo
90 1438 138 1464 esse
149 1426 187 1465 suh
199 1428 271 1472 aliqua
281 1428 334 1472 lege,
345 1439 414 1472 neque
427 1427 506 1465 debere
517 1428 632 1466 observare
644 1429 746 1465 mandata
759 1427 840 1465 divina.

64 1566 85 1597 ln
100 1575 121 1597 re
137 1565 184 1598 adeo
199 1566 253 1598 clara
268 1575 317 1605 opus
332 1575 372 1598 non
386 1568 416 1598 est
431 1566 500 1598 afferre
514 1568 580 1599 textus
596 1566 626 1599 SS.
642 1566 729 1599 Patrum.
744 1565 840 1599 Omnibus

17 1625 137 1664 temporibus
149 1625 279 1658 inveniuntur
288 1625 437 1658 adhortationes
449 1626 474 1658 ad
484 1625 558 1672 bonam
568 1626 631 1659 vitam
642 1625 778 1668 christianam,
789 1628 841 1658 tarn-

19 1695 76 1723 quam
88 1686 180 1718 omnibus
194 1685 314 1725 christianis¹
322 1685 459 1718 necessariam.

19 1896 43 1931 lll.
57 1898 112 1931 iustus
125 1908 161 1932 cnm
174 1899 243 1940 spectati
256 1899 319 1932 auxillo
332 1899 396 1940 gratiae
408 1899 426 1931 tn
438 1899 504 1933 institia
516 1908 627 1940 perseverare
639 1901 702 1940 potest.

69 2032 114 2070 Hac
126 2036 188 2077 parte
201 2033 268 2071 thesis
281 2034 398 2079 quaeritur,
413 2045 455 2078 qua
469 2035 552 2071 rat-ione
565 2034 649 2071 homini
663 2034 720 2071 iusto
735 2034 839 2077 possibile

19 2103 46 2140 sit
57 2105 130 2142 omnia
143 2105 245 2143 mandata
258 2106 298 2143 Dei
311 2105 434 2143 observare.

68 2188 157 2226 «Iustus
166 2201 176 2224 »
192 2189 321 2233 intelligitur
335 2190 361 2226 de
376 2189 477 2227 omnibus
490 2190 559 2227 iustis.

41 2309 51 2313 ,⁸
62 2284 80 2315 ι<<
88 2271 248 2315 Perseverare»
262 2276 294 2311 est
307 2283 395 2311 manere
406 2273 430 2310 in
444 2276 500 2311 statu
511 2273 623 2310 filiationis
639 2274 732 2323 diuinae,
746 2274 769 2310 in
783 2277 840 2312 statu

17 2343 105 2388 gratiam
122 2348 203 2382 etcum
217 2345 292 2389 gratia,
306 2347 330 2382 ut
343 2348 419 2388 postea
432 2345 560 2388 ostenditur,
574 2346 634 2382 omni
648 2348 738 2389 peccato
753 2346 839 2383 mortali

18 2414 132 2460 amittatur,
143 2416 202 2453 idem
214 2420 247 2454 est
260 2419 323 2461 atque
334 2427 378 2454 non
392 2418 526 2454 committere
538 2420 652 2461 peceatum
665 2418 762 2456 mortale.

70 2510 81 2534 «
89 2498 162 2536 Potest
169 2512 191 2537 »:
207 2499 279 2544 agitur
292 2500 361 2538 solum
376 2501 402 2537 de
415 2500 513 2543 potentia
526 2501 688 2546 perseverandi,
701 2512 715 2538 a
729 2512 771 2545 qua
785 2501 840 2538 hene

18 2566 168 2613 distinguenda
182 2575 213 2608 est
229 2572 318 2609 actualis
334 2572 496 2615 perseverantia
510 2572 588 2616 finalis,
604 2573 686 2610 donum
699 2584 839 2617 perseveran-

19 2637 65 2684 tiae,
80 2642 105 2678 de
119 2654 161 2687 quo
174 2643 197 2679 in
211 2644 267 2680 thesi
280 2644 312 2682 14.
324 2643 448 2681 Affirmatur
460 2654 509 2687 ergo
523 2644 615 2689 quilibet
628 2646 697 2682 iustus
709 2644 789 2682 hahere
802 2656 840 2688 po-

19 2711 106 2750 tentiam
120 2715 235 2759 physicam
247 2698 393 2759 et'moralem
405 2716 435 2752 ad
448 2716 561 2753 vitandum
575 2719 695 2760 peccatum.
