1952 3093
392 27 500 65 „17-

35 161 171 207 Augustinus,
188 160 295 198 sufficeret
312 160 440 203 praedicare
458 159 593 203 evangelium
612 170 681 203 neque
699 159 742 195 iam
761 169 815 202 opus
833 169 864 195 es-

36 240 67 274 set
81 245 150 278 orare,
165 237 188 271 ut
203 234 261 271 Deus
276 233 376 270 homines
393 234 421 270 ad
436 232 501 270 fidem
518 235 663 276 converteret;
679 233 721 269 hoc
738 235 809 269 autem
826 230 864 268 Ec·

36 308 101 347 alesia
114 317 157 344 non
170 307 239 343 solum
252 306 312 350 facit,
324 306 362 343 sed
374 306 438 343 etiam
451 305 541 343 omnino
553 305 701 342 necessarium
715 315 761 343 esse
775 304 864 341 iudicat.

89 380 174 423 In„hac
195 379 287 422 epistula
307 378 422 416 duodecim
443 378 516 415 statuit
537 378 654 415 sententias
675 380 751 415 contra
770 377 865 421 Pelagia-

37 464 75 491 nos
83 456 107 489 ⁵⁹.
120 451 246 495 «Quoniam
259 461 309 496 ergo
321 450 418 495 propitio
432 451 517 489 Christo
531 450 649 489 Christiani
663 450 769 488 catholici*
778 457 862 486 sumus:

37 528 58 564 1⁰
71 525 154 563 Scimus
167 525 265 562 nondum
275 527 337 561 natos
349 524 405 561 nihil
417 524 485 568 egisse
497 524 519 560 in
533 524 577 561 vita
588 523 679 567 propria
692 523 744 560 honi
757 533 794 560 seu
807 522 865 565 mali,

37 609 76 635 nec
89 597 208 634 secundum
219 596 297 635 merita
308 597 389 640 prioris
402 596 494 634 alicuius
506 596 570 641 vitae,
581 607 645 640 quam
658 596 740 633 nullam
753 596 866 639 propriam

38 670 117 714 singuli
128 669 207 707 hahere
219 672 342 713 potuerunt,
354 669 377 706 in
389 669 453 706 huius
465 670 522 706 vitae
532 669 607 706 venire
619 668 734 705 miseriasz'
744 669 782 705 sed
794 670 865 705 tamen

39 742 156 781 secundum
168 742 236 779 Adam
249 742 366 779 carnaliter
378 745 439 779 natos
453 742 575 785 contagium
590 741 665 778 mortis
680 741 781 784 antiquae
795 741 867 784 prima

39 815 150 852 nativitate
162 815 297 859 contrahere,
307 825 347 852 nec
357 813 446 852 liberari
459 826 470 851 a
482 813 591 858 supplicio
602 814 678 851 mortis
690 816 797 856 aeternae,
809 813 867 857 quod

39 887 105 925 trahit
117 898 143 924 111
157 897 200 925 uno
212 886 235 923 in
250 897 324 923 omnes
338 886 447 925 transiens
461 887 518 924 iusta
533 886 650 930 damnatio,
665 886 708 922 nisi
723 897 762 930 per
776 886 868 929 gratiam

40 961 181 996 renascantur
193 960 216 996 in
229 958 321 997 Christo.
333 982 361 987 —
372 959 394 996 2ο
406 959 490 996 Scimus
504 959 595 1002 gratiam
609 959 649 996 Dei
662 970 702 996 nec
716 959 813 1002 parvulis
828 969 867 996 nec

41 1031 158 1069 maioribus
175 1031 294 1069 secundum
309 1031 386 1069 merita
403 1034 477 1069 nostra
495 1031 548 1068 dari.
564 1054 592 1058 —
608 1032 630 1068 3ο
647 1031 731 1068 Scimus
749 1030 868 1068 maioribus

41 1104 68 1141 ad
81 1104 177 1147 singulos
190 1106 250 1141 actus
263 1104 317 1141 dari.
329 1127 357 1131 —
368 1104 389 1141 4⁰
404 1104 487 1141 Scimus
501 1113 544 1141 non
558 1104 660 1141 omnihus
673 1103 799 1141 hominibus
815 1103 869 1146 dari,

42 1178 61 1213 ct
77 1175 155 1220 quibus
173 1176 241 1220 datur,
259 1186 302 1214 non
320 1175 527 1231 solum'secundum
546 1176 623 1213 merita
642 1186 732 1219 operum
751 1186 795 1213 non
815 1176 869 1219 dari,

42 1248 78 1284 sed
98 1257 138 1284 nec
156 1248 275 1285 secundum
292 1249 369 1286 merita
387 1248 505 1285 voluntatis
524 1259 598 1285 eorum
618 1247 696 1293 quibus
716 1249 789 1285 datur:
811 1248 870 1293 quod

42 1320 135 1357 maxime
148 1324 238 1363 apparet
252 1320 275 1356 in
288 1320 392 1364 parvulis.
405 1344 433 1348 -
447 1321 468 1357 5⁰
484 1320 567 1358 Scimus
583 1321 613 1357 eis
629 1320 707 1364 quihus
724 1320 792 1364 datur,
808 1320 871 1357 mise-

43 1391 138 1429 ricordia
149 1392 188 1429 Dei
200 1392 292 1435 gratuita
305 1392 358 1430 dari.
368 1416 396 1420 —-
408 1392 429 1429 (50
442 1392 525 1429 Scimus
539 1393 570 1430 eis
583 1393 661 1437 quibus
675 1403 718 1430 non
732 1393 800 1435 datur,
814 1393 871 1430 iusto

43 1463 124 1501 iudicio
137 1464 176 1500 Dei
189 1474 233 1501 non
247 1465 301 1501 dari.
312 1488 340 1492 —
352 1466 374 1501 7⁰
387 1464 470 1502 Scimus
484 1466 542 1509 quod
555 1476 630 1503 omnes
642 1465 760 1503 astabimus
774 1466 871 1502 111111111-

42 1535 108 1573 bunal
121 1535 208 1579 Christi,
223 1540 246 1574 ut
260 1536 316 1573 ferat
329 1537 477 1581 unusquisque
491 1538 610 1574 secundum
625 1543 649 1574 ea
664 1548 718 1582 quae
734 1548 774 1581 per
789 1548 868 1581 corpus

44 1608 115 1650 gessit,
129 1618 172 1645 non
187 1609 305 1646 seeundum
319 1621 343 1646 ea
358 1619 419 1654 quae,
433 1610 452 1647 si
468 1610 549 1647 diutins
564 1610 653 1653 viveret,
668 1613 766 1654 gesturus
782 1610 829 1655 tuit,
846 1611 872 1647 si-

45 1689 70 1715 ve
84 1679 165 1717 bonum
180 1680 225 1717 sive
239 1681 326 1719 malum.
339 1704 366 1709 —
379 1682 401 1719 8⁰
416 1681 500 1719 Scimus
515 1681 579 1719 etiam
595 1683 697 1725 parvulos
713 1682 833 1720 secundum
849 1694 873 1720 ea

45 1761 98 1794 quae
111 1762 150 1794 per
164 1763 243 1796 eorpus
257 1757 375 1798 gesserunt,
390 1757 516 1797 recepturos
531 1755 565 1791 vel
579 1755 660 1792 honum
675 1755 709 1792 vel
722 1755 809 1792 malum.
825 1753 873 1792 Ge's-

46 1826 119 1860 serunt
131 1827 201 1861 autem
213 1835 257 1862 non
270 1836 310 1869 per
323 1825 413 1869 seipsos
428 1827 466 1863 sed
480 1838 519 1870 per
533 1838 568 1864 eos
582 1826 661 1870 quihus
674 1837 714 1871 pro
727 1827 771 1864 illis
785 1830 874 1871 respon-

48 1894 147 1933 dentibus
163 1900 183 1933 et
199 1897 323 1935 renuntiare
340 1898 426 1936 diabolo
443 1899 545 1936 dicuntur
561 1903 581 1937 et
597 1899 686 1938 credere
702 1900 725 1936 in
741 1900 819 1944 Deum3
836 1910 874 1936 un-

47 1966 73 2003 de
89 1970 109 2004 et
122 1968 145 2004 in
160 1979 251 2007 numero
264 1969 361 2007 fidelium
376 1973 535 2015 computantur,
551 1971 685 2014 pertinentes
702 1972 729 2009 ad
745 1972 874 2009 sententiam

47 2037 139 2076 Domini
153 2040 256 2078 dicentis:
277 2042 318 2085 Qui
335 2042 454 2080 crediderit
471 2048 490 2080 et
507 2043 719 2088 baptizatus‘tuerit
737 2045 809 2081 salvus
827 2041 875 2081 erit.

48 2108 137 2154 Propter
155 2113 213 2156 quod
231 2117 251 2151 et
267 2113 311 2151 illis
329 2114 367 2159 qui
384 2114 426 2152 hoc
445 2114 608 2153 Sacramentum
627 2127 670 2153 non
689 2115 807 2159 accipiunt,
825 2127 875 2166 conf

48 2181 111 2226 tingit
124 2184 182 2228 quod
196 2185 303 2229 sequitur:
321 2186 361 2230 Qui
375 2190 445 2224 autem
461 2197 504 2224 non
521 2188 646 2232 crediderit,
662 2188 844 2228 condemnabitur
851 2181 875 2225 ⁶⁰2

48 2252 110 2291 Unde
126 2259 146 2293 et
159 2256 209 2299 ipsi,
224 2257 280 2294 sieut
295 2257 348 2303 dixi,
364 2259 383 2295 si
398 2259 421 2295 in
437 2260 474 2297 illa
489 2271 556 2303 parva
573 2263 641 2298 aetate
657 2261 876 2305 moriuntur‚.utique

50 2327 168 2364 secundum
185 2339 210 2366 ea
226 2340 280 2374 quae
298 2340 338 2373 per
355 2342 434 2374 corpus
452 2335 571 2376 gesserunt,
589 2333 612 2370 id
631 2337 662 2370 est
679 2337 775 2377 tempore
794 2344 836 2378 quo
853 2334 876 2369 111

50 2399 248 2446 111110111111111111,
263 2402 350 2446 quando
365 2414 405 2447 per
420 2404 486 2441 corda
502 2409 522 2442 et
537 2416 575 2442 ora
591 2406 720 2449 gestantium
734 2405 877 2443 'crediderunt

49 2503 191 2515 ’Ὧι-

38 2565 40 2569 ⁴
97 2580 114 2603 5⁹
127 2578 167 2612 Has
180 2581 289 2614 sententias
302 2586 368 2616 censet
382 2583 406 2617 ad
417 2583 536 2618 catholicam
550 2585 606 2618 tidem
621 2587 727 2625 pertinere:
742 2575 809 2619 11111.
824 2586 845 2619 17
860 2589 878 2619 ct

52 2634 73 2667 25
87 2636 146 2671 huius
162 2641 265 2679 epistulae.

98 2699 115 2722 ⁶⁰
128 2699 180 2732 Marc
195 2700 223 2740 16,
238 2702 266 2734 16.

98 2827 191 2865 Leunsnz.
204 2849 228 2856 -
240 2833 268 2866 De
280 2835 349 2868 Gratia
362 2836 505 2876 Redemptoris.
