1952 3093
456 61 577 97 -234-

105 184 168 219 ticato
186 185 273 219 manent
291 191 375 225 pugnae
392 184 468 219 eontra
486 192 580 224 carnem,
597 181 708 225 mundum,
726 181 842 222 diabolum,
861 191 930 225 neque

107 257 178 291 certus
193 257 224 290 est
239 266 261 290 se
277 255 299 289 in
314 254 359 290 illis
374 257 524 297 superaturum
540 265 592 296 esse,
608 265 630 290 se
644 256 831 296 perseveraturum
847 264 893 290 esse
908 255 930 291 in

106 326 175 369 gratia
190 337 257 370 usque
275 326 302 362 ad
319 329 417 363 mortem.
434 325 507 364 Potest
523 326 601 363 iterum
617 326 738 362 mortaliter
755 336 846 368 peccare
865 329 885 362 et
901 326 931 364 ita

107 398 197 441 gratiam
209 397 369 434 iustificationis
382 398 486 442 amittere,
498 408 566 441 neque
580 400 638 434 certo
651 397 693 434 sibi
706 407 784 435 novam
796 400 846 441 post
856 389 931 440 peccass

108 474 152 506 tum
168 471 258 506 mortale
274 469 449 507 iustificationem
465 470 591 513 promittere
607 472 684 512 potest.
701 469 757 505 Hine
773 469 877 512 possibile
894 474 931 513 est,

108 542 208 586 aliquem,
223 542 260 586 qui
277 541 318 578 luit
335 542 452 586 aliquando
468 541 594 578 iustificatus
612 544 632 578 et
647 540 704 578 filius
720 540 766 585 Dei,
783 541 806 577 in
820 544 932 578 aeternum

108 617 179 650 tamen
195 614 273 656 perire.
291 613 332 650 Sed
348 614 405 650 Deus
421 617 508 656 paratus
525 615 557 650 est
571 614 645 650 iuvare
662 613 748 655 iustum,
764 616 786 649 ut
803 613 932 650 tentationes

109 696 211 729 superare
225 686 301 728 possit,
315 689 428 728 peceatum
444 686 511 722 vitare
526 688 546 722 et
560 685 589 723 ita
604 685 626 721 in
640 686 708 728 gratia
723 674 868 728 perseverare.
883 685 933 728 Spe-

109 758 164 794 ciale
178 760 248 794 autem
261 757 391 794 beneficium
403 758 442 794 Dei
456 760 488 794 est
501 760 550 794 actu
562 768 701 800 perseverare
713 768 781 800 nsque
794 758 816 793 in
830 757 900 799 finem,
914 761 934 794 et

110 830 165 866 mori
178 830 200 865 in
214 832 270 866 statu
281 829 393 867 filiationis
407 830 500 866 divinae.

160 901 218 937 Haec
236 911 285 945 ergo
303 901 372 939 tribus
388 901 484 939 thesibus
502 901 641 945 sequentihus
658 902 817 938 consideranda
835 904 894 937 sunt:
914 902 933 943 1)

110 974 180 1010 Iustus
194 973 257 1010 debet
270 973 343 1011 vivere
355 973 474 1010 secundum
487 974 619 1010 voluntatem
631 973 671 1010 Dei
684 977 705 1011 et
717 974 747 1010 ita
759 973 782 1009 in
795 973 878 1010 iustitia
890 983 934 1010 cre-

111 1056 170 1082 scere
187 1048 207 1081 et
224 1055 372 1089 perseverare;
388 1045 408 1086 2)
425 1048 496 1088 potest
512 1047 583 1081 tamen
600 1047 649 1088 post
666 1044 840 1082 iustificationem
856 1045 934 1081 iterum

111 1116 231 1153 mortaliter
243 1128 344 1162 peceare3
357 1118 376 1158 3)
391 1117 470 1153 donum
481 1116 552 1153 finalis
565 1117 738 1160 perseverantiae
752 1119 783 1153 est
794 1117 888 1160 speciale
900 1116 935 1153 he-

111 1188 218 1225 neficium,
231 1188 335 1225 Additur:
351 1190 371 1230 4)
385 1188 477 1225 liberum
492 1199 578 1225 manere
593 1189 619 1225 ah
632 1190 691 1225 omni
706 1191 795 1231 peccato
811 1188 890 1225 veniali
903 1191 935 1226 est

111 1260 205 1303 speciale
219 1260 364 1303 privilegium.

113 1491 187 1526 Thfisls
202 1492 235 1526 12:
249 1491 315 1524 Homo
329 1491 396 1525 iustus
408 1494 477 1531 potest
489 1493 509 1525 et
522 1491 640 1525 debetcum
654 1492 725 1525 divina
736 1491 805 1532 gratia
816 1492 857 1531 per
868 1491 938 1524 ohser-

163 1552 267 1585 vationem
281 1553 428 1585 mandatorum
441 1551 462 1585 ln
475 1553 559 1591 accepta
572 1552 651 1585 instltr'a
663 1560 801 1591 perseuerare
810 1554 830 1584 et
839 1560 938 1584 crescere.

167 1681 224 1717 Haec
240 1680 307 1717 thesis
320 1683 364 1717 tres
380 1681 476 1717 eontinet
490 1681 642 1717 affirmationes
658 1681 802 1723 principales:

169 1753 188 1793 1)
202 1752 287 1789 lustitia
300 1763 343 1788 non
358 1756 389 1789 est
402 1753 496 1795 aequalis
510 1753 532 1787 in
544 1753 644 1789 omnihus
658 1755 678 1788 et
692 1756 723 1790 est
735 1753 842 1795 augmenti
857 1763 936 1794 capax:

115 1828 186 1867 potest
199 1827 219 1860 et
233 1825 295 1861 debet
308 1835 412 1861 crescere.

169 1896 188 1938 2)
207 1896 278 1933 Iustus
296 1896 404 1939 obligatur
420 1896 488 1939 legem
506 1897 545 1932 Dei
564 1897 689 1933 obseruare:
710 1907 748 1939 per
766 1896 939 1933 observationem

116 1968 274 2005 mandatorum.

168 2041 187 2081 3)
204 2040 249 2077 Hoc
262 2043 317 2077 iusto
329 2041 434 2082 possibile
447 2044 484 2083 est,
497 2052 539 2077 non
553 2041 639 2083 quidem
653 2041 749 2084 propriis
762 2041 844 2077 viribus
858 2042 942 2076 natura-

115 2113 178 2153 libus,
193 2113 230 2148 sed
243 2113 311 2149 solum
326 2123 374 2149 cum
389 2112 469 2149 auxilio
484 2112 571 2155 gratiae,
584 2113 641 2156 qnod
656 2116 727 2149 tamen
742 2113 824 2148 nemini
837 2115 937 2155 negatur:

117 2195 165 2220 eum
180 2184 260 2220 auxilio
273 2184 354 2226 gratiae
369 2186 440 2226 potest
453 2194 598 2227 perseverare.

117 2372 127 2407 Ι,
142 2371 206 2403 lustitia
220 2381 253 2404 non
267 2373 322 2404 estin
336 2372 413 2404 omnibns
426 2372 509 2412 aequalis,
522 2374 539 2403 et
552 2375 577 2404 est
590 2371 674 2412 augmenti
688 2382 746 2411 capax.

173 2488 291 2524 Novatores
309 2489 389 2525 saeculi
405 2489 429 2525 16
447 2499 512 2525 unam
529 2491 610 2524 tantum
628 2491 761 2531 agnoverunt
777 2488 888 2531 iustitiam,
906 2489 943 2524 sel.

119 2560 224 2595 iustitiam
237 2559 323 2602 Christi,
335 2549 389 2604 quae
401 2560 526 2596 hominihus
539 2560 673 2596 extrinsecus
686 2561 813 2604 imputatur3
825 2560 857 2596 sic
869 2570 943 2596 omnes

121 2632 157 2674 qui
176 2631 327 2672 (extrinsecus)
343 2632 394 2668 iusti
409 2636 464 2675 sunt,
480 2632 555 2668 eadem
570 2632 611 2668 hac
628 2632 710 2668 iustitia
726 2631 807 2668 Christi
823 2631 874 2668 iusti
889 2634 944 2668 sunt.

121 2703 145 2738 ln
159 2703 200 2739 hae
215 2703 321 2739 sententia
334 2703 402 2746 logice
417 2704 459 2740 iam
474 2704 510 2739 vix
525 2714 594 2740 sermo
608 2715 654 2739 esse
668 2707 739 2745 potest
753 2704 779 2739 de
793 2703 945 2747 inaequalitate
