1952 3093
490 286 571 323 Parnes

173 432 192 468 S.
209 431 328 468 Ineunnus:
348 431 423 469 «illud
440 435 517 475 autem,
534 432 591 475 quod
607 432 648 468 ait:
667 430 754 474 Quoties
770 430 827 467 volui
845 430 946 473 colligere

117 502 173 541 tilios
186 505 241 548 tuos,
256 506 276 541 et
289 501 419 540 notuisti‘l21
433 506 527 541 veterem
539 503 609 547 legem
620 502 728 539 libertatis
742 501 839 539 hominis
854 500 944 539 manife-

118 574 192 611 stavit:
209 575 260 619 quia
273 574 366 612 liberum
378 585 427 612 eum
440 575 497 612 Deus
511 560 564 612 iecit
576 574 603 612 ab
618 574 688 618 initio,
702 573 818 611 habentem
832 584 892 611 suam
907 583 943 617 po·

118 649 222 690 testatem,
237 646 294 683 sicut
308 649 329 684 et
343 651 404 683 suam
417 647 518 689 animam,
534 646 561 683 ad
575 646 679 683 utendum
694 645 802 682 sententia
816 645 857 681 Dei
870 644 943 682 volun-

118 717 178 760 tarie,
190 720 210 754 et
222 726 265 754 non
279 721 377 755 eoactum
390 729 401 755 a
414 718 466 756 Deo.
478 717 515 754 Vis
528 718 586 754 enim
599 728 611 754 a
623 717 668 754 Deo
681 727 725 754 non
736 717 765 759 fit,
777 716 816 754 sed
826 716 884 753 bona
897 725 944 753 seu-

118 788 185 826 tentia
201 788 262 826 adest
275 789 308 826 illi
325 800 430 833 semper...
446 789 472 827 Et
487 789 524 834 qui
536 772 760 833 ‘operanturquidem
776 788 837 832 illud,
853 788 943 833 gloriam

118 863 139 898 et
152 861 257 899 honorem
272 862 402 906 percipient,
416 862 518 907 quoniam
532 861 616 905 operati
630 864 679 898 sunt
693 860 780 906 bonum,
796 871 845 898 eum
859 860 944 905 possint

119 943 162 970 non
175 934 263 987 operari
277 933 341 979 illud3
356 934 464 972 hiantem
478 934 515 978 oui
529 934 584 971 illud
596 944 640 971 non
655 937 780 977 operantur,
793 933 901 971 iudicium
913 933 944 970 iu·

119 1008 174 1043 stum
187 1005 298 1050 excipient
309 1006 356 1050 Dei,
368 1006 471 1051 quoniam
484 1016 528 1044 non
540 1009 590 1044 sunt
601 1006 686 1050 operati
697 1006 786 1051 bonum,
798 1016 848 1043 cum
859 1005 945 1050 possint

118 1078 205 1121 operari
217 1078 272 1115 illud
281 1091 291 1113 »
300 1082 325 1115 22.
336 1102 363 1106 —
376 1078 417 1116 «st
431 1082 503 1116 autem
515 1088 559 1116 non
572 1077 693 1117 credideris
707 1078 727 1116 ei
741 1081 762 1116 et
773 1076 856 1122 fugeris·
868 1088 944 1115 manus

119 1149 171 1194 eius,
186 1150 228 1188 erit
241 1161 306 1188 causa
319 1151 493 1194 imperfectionis
507 1151 530 1187 in
544 1153 571 1193 te,
585 1150 623 1195 qui
637 1160 680 1188 non
695 1149 795 1195 obedisti,
810 1148 906 1187 sednon
921 1150 944 1203 in

119 1221 163 1265 illo,
178 1222 215 1266 oui
229 1222 321 1259 vocavit.
334 1222 374 1258 ille
387 1222 444 1259 enim
457 1222 523 1264 misit,
537 1222 575 1266 qui
589 1225 692 1259 vocarent
703 1221 734 1258 ad
747 1222 844 1265 nuptiae
859 1221 896 1266 qui
910 1232 945 1259 au·

79 1324 80 1330 ,
119 1297 161 1330 tem
174 1303 219 1330 non
230 1292 360 1330 obedierunt
374 1294 401 1336 ei,
412 1292 541 1339 >semetipsos
555 1293 697 1337 privaverunt
708 1304 723 1329 a
736 1293 795 1336 regia
809 1303 883 1330 coena.
897 1292 944 1330 Non

119 1364 186 1407 igitur
199 1373 233 1401 ars
248 1364 321 1401 deficit
333 1364 382 1408 Dei3
397 1367 519 1407 potensest
533 1365 591 1402 enim
606 1364 633 1403 de
645 1364 756 1408 lapidibus
770 1364 875 1402 suscitare
889 1363 945 1400 filios

119 1435 227 1480 Abrabae;
241 1436 280 1473 sed
293 1436 331 1473 ille
344 1436 381 1481 qui
396 1445 439 1473 non
455 1435 596 1480 consequitur
610 1446 663 1479 eam,
678 1435 764 1473 sibimet
779 1446 829 1473 suae
844 1435 945 1479 imperio

120 1507 200 1546 ctionis
213 1511 245 1546 est
257 1511 374 1546 causarffl.

173 1580 295 1618 Anuonrus:
318 1580 380 1618 «Sed
400 1581 418 1616 si
437 1581 523 1625 generis
544 1580 642 1618 Christus
661 1569 757 1625 humani,
777 1580 875 1625 inquitis,
896 1591 945 1618 con-

120 1655 217 1689 servator
233 1652 327 1697 advenit,
345 1663 384 1691 cur
399 1652 489 1690 omnino
504 1663 548 1690 non
565 1656 640 1691 omnes
657 1653 741 1698 aequali
757 1652 905 1690 munificentia
921 1652 945 1690 li-

120 1723 195 1761 beret?
209 1723 257 1762 Non
273 1725 392 1769 aequaliter
407 1724 485 1762 liberat
500 1725 538 1769 qui
547 1724 670 1778 'aequaliter
685 1735 760 1762 omnes
776 1724 852 1762 vocat'l
868 1727 904 1762 aut
920 1724 945 1762 ab

121 1796 257 1840 indulgentia
274 1796 392 1840 principali
411 1807 540 1841 quemquam
557 1797 643 1840 repellit
661 1800 697 1834 aut
716 1797 808 1841 despuit,
826 1797 863 1841 qui
881 1796 946 1834 subli-

121 1867 198 1910 mibus,
215 1867 302 1912 infimis,
318 1867 394 1911 servis,
411 1867 506 1912 feminis,
523 1868 596 1911 pueris
612 1868 751 1919 uniformiter
768 1871 895 1911 potestatem
913 1879 946 1904 ve·

122 1939 197 1976 niendi
212 1939 239 1976 ad
254 1950 276 1976 se
290 1939 357 1976 facit?
371 1939 432 1976 Patet
445 1939 511 1982 igitur
523 1939 624 1977 omnibus
640 1940 689 1977 fons
704 1940 760 1976 vitae
774 1950 843 1983 neque
859 1939 884 1976 ab
900 1939 946 1976 iure

122 2010 212 2053 potandi
230 2010 344 2054 quisquam
361 2010 491 2054 prohibetur
508 2015 544 2048 aut
561 2010 655 2054 pellitur.
673 2011 695 2048 Si
713 2011 753 2048 tibi
772 2010 885 2048 fastidium
902 2014 947 2047 tan·

121 2084 166 2118 tum
177 2084 216 2125 est,
227 2085 251 2118 ut
263 2081 329 2119 oblati
341 2092 431 2125 respuas
443 2082 572 2119 beneficium
585 2082 687 2126 muneris,
700 2082 821 2127 quinimmo
833 2082 851 2120 si
864 2084 946 2119 tantum

123 2153 229 2197 sapientia
246 2155 364 2198 praevales,
378 2156 402 2191 ut
416 2165 441 2192 ea
457 2165 511 2198 quae
526 2153 648 2192 offeruntur
664 2166 675 2191 a
692 2154 778 2192 Christo
793 2155 868 2192 ludum
885 2157 947 2199 atque

123 2226 217 2269 ineptias
233 2226 338 2270 nomines,
354 2226 408 2271 quid
422 2226 518 2264 invitans
534 2230 676 2271 exspectatur,
693 2227 754 2265 euius
770 2228 828 2266 solae
844 2230 894 2265 sunt
907 2227 948 2264 hae

123 2300 202 2342 partes,
219 2302 243 2336 ut
260 2298 299 2335 sub
317 2298 348 2336 tui
366 2299 419 2335 iuris
438 2298 529 2354 arbitrio
546 2299 640 2336 fructum
658 2310 708 2336 suae
726 2299 866 2342 benignitatis
884 2310 948 2343 expo·

123 2370 225 2408 natira.

171 2525 265 2559 ²1Matth
280 2526 309 2566 ae,
324 2525 353 2560 ³7.

171 2589 189 2611 22
202 2585 300 2620 Adversus
313 2574 404 2619 naeieses
419 2586 435 2625 4,
450 2586 511 2625 37,1;
527 2586 562 2620 ue
576 2586 591 2626 r,
606 2587 661 2626 riou
675 2587 692 2621 n
705 2586 746 2621 244,

172 2649 190 2671 2³
203 2645 278 2678 niuem
293 2646 310 2685 4,
323 2645 351 2685 39,
365 2645 386 2684 3;
401 2644 437 2679 Mo
452 2645 468 2684 r,
482 2645 538 2684 1110;
552 2645 570 2680 n
583 2645 624 2679 247.

171 2709 189 2730 ⁹4
202 2705 300 2738 Adversus
314 2705 411 2744 nationes,
426 2705 443 2744 2,
456 2705 488 2744 64:
503 2705 537 2738 ML
550 2706 566 2744 5,
581 2705 625 2743 910:
639 2705 655 2739 R
670 2705 709 2739 622.
