1952 3093
463 21 585 92 4161*-

111 174 247 220 qnocumq'ue
256 173 369 213 modo‘illa
380 175 499 219 explicetur
503 187 508 220 ;
519 179 631 220 praeterea
640 170 690 219 non,
699 175 935 220 uti'sz‘Thomassupra

112 248 271 290 animadvertit,
287 248 310 284 in
327 248 369 285 alio
386 249 480 292 quodam
496 248 572 285 habitu
587 248 669 292 inluso;
686 248 752 285 immo
767 248 790 284 in
805 248 937 287 nullotdono

114 320 247 363 particulari,
261 319 298 357 scd
311 320 334 356 in
348 320 462 363 complexu
476 320 589 363 donorum,
601 330 655 364 qnae
668 320 711 356 iam
722 318 937 364 indicatasuntj'scl.

115 391 235 430 directione
250 391 324 428 divina
337 402 377 435 per
390 392 558 435 providentiam,
573 392 708 436 protectione
723 403 763 436 per
775 392 855 435 gratias
870 392 937 431 effica-

114 474 156 506 ces,
171 466 191 501 et
205 466 273 501 morte
287 463 310 499 in
323 466 379 500 statu
393 464 474 507 gratiae
482 467 515 500 114.
530 463 570 506 Qui
583 463 648 500 habet
663 464 743 501 donum
757 461 937 508 perseverantiae,

115 535 187 580 aliquo
203 546 267 572 sensu
281 540 313 573 est
328 535 484 580 impeccabilis,
500 546 553 580 quae
569 535 715 579 impeccantia
731 539 762 573 est
774 534 937 581 ‘eiternucum

114 617 158 644 non
169 608 196 644 sit
205 607 227 643 in
239 608 287 651 ipso
298 608 395 645 subiecto
405 608 467 651 ratio,
476 618 518 651 qua
527 611 640 651 peccatum
651 619 662 645 a
673 607 770 645 subiecto
781 611 812 645 est
822 609 938 646 exclusum.

167 679 349 723 Distinguendum
362 683 393 719 est
404 691 416 717 a
429 680 486 717 dono
498 679 672 723 perseverantiae
684 679 755 717 finalis
769 680 850 718 donum
863 680 939 718 confir-

115 752 216 790 mationis
230 753 252 788 in
266 753 341 796 gratia,
354 753 412 797 quod
426 752 626 797 aliquibussanctis
640 764 651 790 a
664 753 708 790 Deo
721 764 848 791 eoncessum
862 756 899 790 est.
913 753 936 790 In

115 835 157 869 quo
171 827 241 862 autem
256 824 380 862 differentia
395 824 500 867 consistit,
517 825 602 862 diverso
618 825 682 863 modo
697 836 709 861 a
723 807 829 869 theologis
845 826 938 869 explica-

114 901 154 940 tur,
167 908 221 941 quae
234 896 351 940 explicatio
366 907 442 941 magna
457 909 482 934 ex
497 900 557 940 parte
573 898 705 941 dependere
721 898 812 935 diversis
822 897 939 935 sententiis

117 969 142 1006 de
155 969 354 1013 praedestinatione
369 973 389 1007 et
403 969 429 1005 de
443 971 519 1006 natura
534 970 614 1013 gratiae
629 969 722 1006 efficacis
730 973 764 1006 ²1⁵.
813 984 815 987 ·
838 981 841 986 ·
884 981 929 995 1··”

116 1201 191 1237 rursu
214 1202 248 1238 15:
268 1202 336 1236 lustris
349 1202 494 1242 sinc-speciali
507 1202 545 1236 Dei
554 1201 667 1242 privilegio
679 1211 722 1235 non
733 1201 836 1242 potestur
849 1198 943 1235 tota'sua

166 1262 208 1296 vita
221 1262 291 1296 omnia
303 1264 388 1302 peccata
406 1262 497 1295 venialia
511 1263 596 1295 vitare·
793 1272 795 1274 ¹
820 1272 821 1275 ¹
851 1270 853 1274 ·
887 1270 905 1275 ··

173 1385 262 1422 «Iustus
271 1397 293 1422 »:
307 1386 384 1423 Thesis
399 1385 442 1429 agit
457 1386 482 1423 de
496 1385 627 1430 iustificatis;
641 1387 659 1423 si
672 1389 742 1423 autem
757 1385 782 1422 de
796 1385 840 1422 illis
854 1386 916 1429 valet,
931 1397 942 1422 a

119 1441 205 1495 fortiori
218 1457 276 1495 idem
291 1457 408 1495 dicendum
423 1461 455 1495 est
469 1457 495 1495 de
509 1457 599 1502 reliquis
612 1457 744 1495 hominibus.
809 1488 810 1492 ,
849 1486 850 1490 1
908 1487 910 1490 ⁴

123 1562 124 1565 ,
174 1529 270 1567 «Omnia
287 1532 376 1572 peccata
392 1530 516 1567 venialian:
537 1529 594 1573 Quid
610 1529 638 1566 sit
654 1533 767 1573 peccatum
784 1529 875 1571 veniale,
893 1529 942 1566 vide

120 1613 184 1644 supra
194 1612 242 1645 pag.
253 1601 298 1642 253.
311 1604 361 1638 nota
373 1602 405 1639 74.
417 1601 489 1639 Potest
499 1604 611 1644 peccatum
624 1612 669 1638 esse
681 1602 765 1638 veniale
777 1601 822 1638 sive
833 1612 858 1638 ex
868 1604 944 1638 natura

119 1673 199 1710 obiecti
211 1672 256 1710 sive
268 1684 293 1711 ex
306 1673 391 1710 defectu
404 1673 576 1716 deliberationis;
588 1673 642 1710 baec
651 1672 727 1710 ultima
738 1676 844 1710 vocantur
854 1678 943 1717 peccata

116 1744 254 1788 subreptitia.
267 1745 344 1782 Thesis
356 1755 396 1787 per
409 1756 431 1781 se
443 1745 538 1788 loquitur
552 1744 578 1781 de
592 1745 692 1782 omnibus
706 1745 801 1787 peccatis
815 1744 943 1790 venialibus,

121 1816 245 1854 deliberatis
259 1819 279 1854 et
292 1816 433 1859 subreptitiis
448 1816 486 1854 sed
500 1816 608 1860 imprimis
622 1816 750 1859 intelligitur
763 1816 789 1854 de
801 1817 897 1860 peccatis
911 1827 943 1853 su·

119 1888 235 1932 breptitiis,
248 1888 299 1925 licet
311 1888 404 1925 liberum
416 1898 503 1925 manere
516 1888 542 1924 ab
555 1888 615 1925 omni
628 1892 717 1931 peccato
731 1888 811 1925 veniali
825 1888 943 1925 deliberato

121 1960 164 1997 iam
177 1960 205 1997 sit
217 1969 317 2003 magnum
331 1960 420 1997 omnino
434 1959 474 1996 Dei
489 1959 576 1997 donum.
588 1960 655 1998 Porro
669 1960 736 1997 thesis
751 1960 794 2003 agit
809 1960 834 1997 de
849 1960 944 2003 peccatis

121 2032 242 2070 venialibus
263 2032 375 2069 collective
397 2031 495 2075 sumptis,
517 2042 560 2068 non
584 2032 609 2069 de
632 2031 722 2075 singulis
744 2033 840 2075 peccatis
861 2043 901 2076 per
922 2043 944 2069 se

121 2104 218 2148 sumptis.
487 2085 489 2089 Ι

174 2189 185 2212 <<
193 2178 218 2213 ln
230 2180 274 2214 tota
286 2176 330 2213 vita
339 2188 361 2213 »2
376 2176 407 2213 ita
419 2175 467 2219 ipsa
479 2175 552 2219 thesis,
566 2181 586 2214 et
597 2176 640 2213 hoc
653 2187 717 2214 sensu
729 2179 760 2213 est
772 2175 869 2221 definita;
881 2176 945 2213 facile

123 2251 193 2287 autem
206 2248 258 2286 inde
270 2248 293 2285 fit
306 2248 424 2292 conclusio,
438 2248 517 2285 iustum
530 2259 556 2285 ne
570 2249 606 2286 diu
618 2249 706 2293 quidem
719 2260 783 2292 posse
796 2248 889 2286 liberum
903 2259 945 2304 ma-

122 2333 173 2359 nere
186 2333 197 2358 a
210 2325 299 2364 peccato
312 2321 399 2365 veniali,
413 2320 450 2358 diu
461 2332 486 2358 eo
498 2331 561 2358 sensu
573 2320 720 2365 intelligendo,
732 2332 774 2365 quo
785 2320 913 2364 intelligitur
924 2322 946 2358 in

124 2393 180 2431 thesi
194 2393 226 2430 11.

123 2482 266 2489 -.-.--.

171 2541 199 2563 111
213 2538 289 2576 Suam,
302 2539 329 2571 De
341 2539 405 2576 gratia
417 2538 429 2570 l.
444 2538 471 2576 10,
485 2548 500 2569 c.
513 2539 529 2570 5.

171 2602 197 2624 11⁵
211 2599 237 2631 De
249 2599 285 2630 hac
297 2600 412 2638 quaestione
424 2599 449 2630 cs.
460 2598 536 2637 Suarez,
547 2599 575 2630 De
586 2599 655 2637 gratia.
667 2599 718 2637 1.10‚
729 2609 744 2631 c.
755 2599 774 2637 8;
788 2598 946 2637 Gummersbacn

125 2659 290 2692 Unsiiudlichkcit
309 2659 350 2691 und
369 2659 496 2697 Bcfcstigung
515 2659 535 2691 in
556 2659 590 2691 der
608 2660 680 2697 Gnade,
700 2654 814 2697 Frankfurt,
834 2656 886 2698 1933,
905 2666 947 2698 pag.

125 2719 209 2753 308-340.
748 2733 750 2736 ·
