1952 3093
432 73 554 112 -190-

79 218 106 222 -ῳ
119 197 141 232 7:
157 195 252 233 «Omnis
263 195 358 232 humana
371 196 427 232 actio
443 196 560 232 deliberata
572 199 603 232 est
614 195 654 231 Dei
669 195 756 232 dilectio
770 196 804 232 vel
816 201 903 233 mundi:

81 268 99 303 si
112 268 158 310 Dei,
172 268 255 317 caritas
262 267 332 305 Patris
345 271 385 312 est;
400 268 418 304 si
432 267 515 311 mundi,
529 267 707 311 concupiscentia
720 268 798 312 carnis,
812 267 854 305 hoc
868 272 905 312 est,

81 340 136 377 mala
151 342 208 377 est».
221 363 249 367 -
261 339 283 376 8:
301 339 412 377 «Necesse
425 342 462 383 est,
476 328 587 376 infidelem
600 340 623 376 in
636 340 695 376 omni
708 350 773 383 opere
788 350 879 383 peccare
888 352 906 377 ».

80 434 107 438 ——
120 413 155 448 11:
172 412 259 449 «Omne
272 412 330 456 quod
343 422 387 449 non
401 415 432 449 est
446 423 471 449 ex
483 412 525 448 fide
539 411 658 449 christiana
672 412 838 456 supernaturali,
852 423 906 456 quae

81 495 121 527 per
140 478 278 521 dilectionem
297 488 405 528 operatur,
423 487 536 527 peccatum
555 486 648 522 estana.

130 562 238 599 cranaus
254 561 281 598 llI
300 562 411 599 damnavit
429 573 513 599 errores
531 561 643 599 Paschasii
662 562 760 605 Quesnel.
779 562 814 599 38:
837 562 906 599 «Pec-

81 638 141 671 cator
154 644 197 671 non
210 638 242 671 est
254 633 311 671 liber
323 634 367 671 nisi
380 634 407 671 ad
420 634 500 671 malum
514 635 560 671 sine
573 634 641 677 gratia
655 634 788 671 Liheratoris
796 646 814 670 >>.
827 656 855 661 —-
864 635 902 674 45:

83 707 179 744 «Amore
194 706 234 743 Dei
251 707 274 742 in
292 706 358 744 corde
374 709 512 750 peccatorum
528 717 573 743 non
588 706 681 749 amplius
698 709 801 749 regnante
818 717 906 743 necesse

83 782 120 823 est,
133 779 192 814 utin
206 789 230 815 eo
245 779 339 815 carnalis
351 782 425 822 regnet
437 778 546 822 cupiditas
560 789 678 823 omnesque
691 779 787 815 actiones
801 778 847 815 eius
861 789 907 815 cor·

82 853 193 893 rumpat».
206 873 233 877 —
246 850 282 887 59:
300 850 393 887 «Oratio
407 849 524 893 impiorum
538 853 569 887 est
583 859 663 887 novum
677 853 800 895 peccatum;
815 853 836 887 et
848 851 905 894 quod

82 922 138 959 Deus
153 922 196 959 illis
212 923 313 959 concedit
329 926 360 959 est
374 932 455 959 novum
469 922 637 959 iudicium»1⁵⁰.

136 1000 189 1037 Pius
201 1000 229 1036 tu
245 1000 355 1037 damnavit
369 1011 452 1038 errores
467 1000 545 1043 synodi
559 999 697 1043 pistoriensis
711 1001 737 1037 de
752 1000 835 1043 duplici
850 1011 907 1037 amo-

83 1083 112 1110 re.
127 1085 137 1106 «
146 1072 182 1109 23:
196 1072 301 1109 Doctrina
315 1072 394 1115 synodi
408 1073 434 1109 de
449 1072 531 1115 duplici
546 1083 619 1109 amore
633 1072 765 1109 dominantis
780 1072 906 1115 cupiditatis

83 1147 103 1181 et
121 1144 217 1180 caritatis
236 1144 368 1181 dominantis
386 1144 507 1187 enuntians,
523 1143 634 1181 hominem
653 1144 700 1181 sine
718 1144 786 1187 gratia
804 1155 850 1181 esse
867 1145 906 1181 sub

83 1216 161 1252 virtute
175 1216 259 1259 peccati
272 1216 386 1260 ipsumque
398 1215 420 1251 in
435 1226 461 1252 eo
474 1218 529 1252 statu
543 1226 582 1258 per
595 1216 716 1259 generalem
726 1210 856 1259 'cupiditatis
871 1216 907 1253 do-

69 1282 71 1286 ’
83 1288 186 1324 minantis
197 1288 302 1324 inssuxum
313 1298 388 1324 omnes
399 1299 448 1324 suas
460 1288 556 1324 actiones
568 1287 655 1325 inficere
667 1291 686 1325 et
698 1298 846 1333 corrumpere;
857 1299 907 1332 qua-

83 1364 144 1396 tenus
157 1360 260 1402 insinuat,
273 1360 296 1395 in
310 1360 404 1402 homine,
418 1360 467 1396 dum
481 1363 512 1397 est
526 1360 564 1396 suh
579 1360 680 1396 servitute
695 1360 775 1397 sivein
789 1362 845 1397 statu
858 1371 906 1403 pec·

84 1432 132 1475 cati,
148 1431 262 1468 destitutus
275 1431 343 1474 gratia
355 1432 399 1474 illa,
407 1442 453 1475 qua
467 1432 596 1468 liberatura
610 1432 713 1468 servitute
724 1431 809 1475 peccati
823 1435 843 1468 et
858 1442 907 1468 con-

83 1503 179 1539 stituitur
188 1503 244 1540 filius
254 1503 300 1546 Dei,
310 1503 341 1539 sic
353 1503 460 1540 dominari
472 1503 619 1546 cupiditatem,
629 1506 652 1540 ut
662 1514 702 1546 per
712 1504 833 1547 generalem
842 1503 907 1540 huius

84 1576 192 1611 influxum
207 1585 281 1611 omnes
297 1575 356 1611 illius
371 1576 467 1611 actiones
483 1576 506 1610 in
522 1586 544 1611 se
559 1575 683 1611 inficiantur
699 1578 719 1611 et
735 1578 908 1618 corrumpantur,

84 1649 119 1682 aut
131 1656 196 1688 opera
209 1647 287 1691 omnia,
300 1656 354 1689 quae
366 1649 414 1683 ante
426 1646 600 1683 iustificationem
612 1646 672 1689 fiunt,
689 1657 823 1690 quacumque
844 1646 907 1684 ratio-

84 1728 110 1754 ne
121 1719 179 1759 tiant,
189 1718 232 1754 sint
243 1720 332 1760 peccata
336 1728 341 1762 ;
351 1718 413 1761 quasi
422 1718 445 1753 in
457 1717 557 1755 omnihus
567 1718 611 1754 suis
622 1718 706 1754 actibus
716 1721 819 1761 peccator
829 1719 908 1755 serviat

86 1790 207 1827 dominanti
222 1789 347 1832 cupiditati:
364 1789 466 1831 -falsa,
481 1790 611 1833 perniciosa,
626 1790 733 1826 inducens
748 1790 771 1826 in
786 1800 882 1826 errorem
897 1802 908 1826 a

85 1862 204 1898 tridentino
218 1862 343 1898 damnatum
355 1865 378 1898 ut
390 1861 529 1904 haereticum,
541 1862 619 1898 iterum
631 1861 654 1897 in
667 1861 719 1899 Baio
732 1861 856 1898 damnatum
869 1865 908 1898 art.

85 1934 116 1971 lu.
128 1956 155 1960 —
167 1933 203 1969 24:
218 1933 263 1976 Qua
275 1944 326 1969 vero
340 1936 401 1976 parte
413 1933 470 1969 inter
484 1932 631 1970 dominantem
645 1933 786 1976 cupiditatem
800 1936 820 1970 et
832 1934 908 1970 carita-

85 2008 127 2042 tem
141 2005 288 2042 dominantem
301 2004 355 2040 nulli
367 2007 477 2047 ponantur
489 2004 578 2041 affectus
591 2004 664 2049 medii,
676 2016 688 2041 a
700 2008 777 2042 natura
787 2006 835 2048 ipsa
847 2005 908 2041 insiti

86 2079 160 2119 suapte
175 2079 252 2113 natura
264 2076 391 2118 laudabiles,
406 2076 443 2119 qui
459 2086 502 2112 una
517 2086 564 2112 cum
579 2087 652 2113 amore
666 2076 808 2113 beatitudinis
824 2080 909 2113 natura-

83 2148 141 2192 lique
153 2148 299 2190 propensione
311 2148 338 2184 ad
349 2148 430 2184 honum
442 2151 591 2184 remanserunt
601 2148 659 2184 velut
670 2151 765 2185 extrema
776 2148 907 2185 lineamenta

85 2223 104 2256 et
116 2219 221 2263 reliquiae
232 2219 333 2263 imaginis
345 2219 394 2263 Dei;
407 2219 498 2262 perinde
512 2230 536 2256 ac
550 2220 567 2256 si
580 2219 637 2256 inter
651 2220 789 2256 dilectionem
804 2219 907 2262 divinam,

85 2302 138 2335 quae
155 2302 194 2328 nos
209 2291 309 2334 perducit
324 2292 351 2327 ad
367 2299 463 2333 regnum,
479 2294 501 2327 et
517 2291 655 2328 dilectionem
669 2292 786 2328 humanam
802 2291 907 2334 illicitam,

84 2374 137 2406 quae
154 2363 273 2406 damnatur,
289 2373 332 2399 non
348 2363 435 2399 daretur
451 2363 538 2399 dilectio
554 2363 648 2399 humana
662 2363 729 2406 licita,
745 2374 799 2406 quae
816 2373 859 2400 non
876 2374 907 2400 re-

84 2435 237 2477 prehenditur:
252 2457 279 2461 -
293 2435 353 2478 falsa,
367 2434 420 2471 alias
434 2434 553 2471 damnata»
563 2438 595 2472 ¹51.

132 2610 158 2631 149
172 2607 229 2639 Denz.
245 2607 299 2645 1291;
316 2607 371 2645 1292;
387 2607 442 2645 1297;
459 2607 513 2645 12983
530 2607 581 2640 1301.

132 2670 158 2691 1⁵0
172 2667 230 2699 Denz.
245 2666 300 2705 138&
315 2667 370 2705 i395;
385 2667 437 2699 1409,
640 2662 641 2665 ¹

132 2730 159 2751 15⁴¹
173 2727 225 2759 Denz
237 2726 292 2765 1523;
306 2727 358 2759 1524.
