1952 3093
468 46 577 84 ..62-

166 165 267 209 «Quibus
282 165 313 203 ita
326 164 456 208 constitutis,
470 165 586 209 perspicue
603 164 665 203 docet
678 164 810 208 Augustinus
826 168 847 202 et
860 164 939 202 iterum

109 239 229 282 iterumque
246 236 361 281 diligenter
375 237 477 282 inculcat,
494 237 627 274 adiutorium
642 237 726 281 Adami,
743 236 804 274 euius
821 236 936 274 necessita-

110 313 153 348 tem
167 312 280 354 tantopere
294 309 368 347 multis
382 310 437 347 locis
452 310 648 353 commendaverat,
663 320 708 347 non
723 310 790 349 fuisse
804 309 936 348 adiutorium

111 393 159 427 quo,
173 382 211 419 sed
225 381 357 420 adiutorium
369 382 416 420 sine
428 393 470 426 quo
484 392 539 419 non:
554 382 597 419 hoc
611 385 648 426 est,
663 392 707 420 non
720 382 787 420 fuisse
799 382 841 420 tale
855 381 937 419 adiuto-

113 455 175 498 rium,
186 465 228 499 quo
238 454 299 492 fieret
309 458 332 492 ut
341 454 411 492 Adam
420 458 570 499 perseveraret
578 457 616 491 ant
625 454 695 498 vellet,
706 455 744 492 sed
754 465 797 500 qno
808 458 882 498 posset
891 465 939 498 per-

113 537 217 570 severare,
229 527 248 564 si
259 527 329 570 vellet,
342 530 363 565 et
372 527 419 564 sine
430 538 472 571 quo
485 537 623 571 perseverare
636 537 680 565 non
691 530 775 571 posset:
790 527 820 564 ita
830 526 939 571 videlicet,

113 602 136 636 ut
145 599 200 636 illud
211 599 344 637 adiutorium
355 600 443 643 plenam
453 600 597 643 permanendi
608 600 728 643 potentiam
740 610 777 637 seu
789 599 940 637 sufficientiam

112 671 233 715 largiretur,
249 671 296 710 sine
312 682 354 716 qua
369 682 497 716 permanere
514 682 558 709 non
575 674 668 716 poterat,
686 682 730 709 non
747 675 819 709 tamen
835 672 939 709 tribueret

113 754 175 780 usum
193 743 252 781 illius
270 744 381 787 adiutorii,
401 755 439 782 seu
456 745 526 788 ipsam
543 744 687 787 permanendi
704 745 845 789 voluntatem3
865 747 939 787 utpote

114 826 168 860 quae
180 816 204 852 in
216 815 285 859 ipsius
297 816 367 854 libero
380 817 539 861 relinqueretur
551 817 648 861 arbitrio,
660 827 673 853 a
687 816 748 853 cuius
760 816 873 854 liberrimo
884 816 941 853 flexu

114 891 135 925 et
146 891 200 926 nutu
213 888 270 926 Deus
284 889 381 933 pendere
395 889 469 933 voluit,
483 890 557 926 utillo
572 889 680 926 adiutorio
694 889 726 926 uti
740 889 804 927 vellet
816 892 853 926 aut
866 889 939 933 nollet,

114 963 177 1005 atque
192 961 222 998 ita
236 963 286 998 actu
299 964 436 1005 permaneret
451 965 487 999 aut
500 962 604 999 caderet»
614 965 628 998 ⁹.
644 961 711 998 «Non
727 961 786 999 aliud
800 962 867 998 fuisse
882 962 941 999 istud

113 1032 195 1076 gratiae
212 1033 351 1078 adiutorium,
368 1035 427 1078 quod
442 1034 524 1072 Adamo
542 1037 562 1070 et
577 1034 664 1077 Angelis
682 1034 754 1071 datum
772 1034 819 1078 fuit,
835 1045 900 1078 quam
917 1034 939 1071 id

115 1105 174 1149 quod
186 1105 261 1143 schola
273 1106 356 1149 passim
369 1106 478 1146 sufficiens
491 1109 560 1144 vocat.
573 1106 628 1143 Nam
639 1107 681 1143 hoe
695 1107 750 1150 ipso,
763 1107 822 1151 quod
835 1117 875 1150 per
888 1106 943 1143 illud

114 1177 170 1214 iuste
180 1178 259 1222 vivere,
272 1181 293 1215 et
303 1179 327 1215 in
339 1178 422 1215 iustitia
434 1189 573 1222 perseverare
584 1181 675 1222 poterat,
687 1182 708 1216 et
720 1179 766 1216 sine
777 1179 815 1216 illo
826 1189 870 1216 non
882 1182 941 1223 pote-

116 1252 155 1292 rat,
169 1260 209 1287 nec
221 1253 294 1287 aetum
307 1251 427 1295 potestatis,
442 1251 480 1288 sed
493 1236 621 1294 potestatem
635 1253 695 1288 actus
710 1250 820 1296 afferebat,
833 1251 943 1294 apertissi·

115 1332 149 1359 me
163 1322 266 1367 sequitur,
281 1333 324 1360 non
339 1324 405 1367 alind,
419 1334 484 1368 quam
497 1323 604 1360 sufficiens
620 1323 737 1360 dicendum
751 1334 797 1361 esse
805 1336 816 1360 »
824 1327 849 1361 ²⁰.

172 1395 294 1439 Sequuntur
305 1397 316 1433 4
327 1396 379 1433 libri
391 1397 416 1433 de
428 1399 484 1433 statu
494 1399 583 1433 naturae
593 1397 673 1441 lapsae,
684 1397 707 1433 in
717 1407 809 1441 quorum
819 1396 890 1440 primo
902 1397 945 1440 agit

119 1468 145 1505 de
156 1471 247 1511 peceato
258 1469 366 1513 originali,
378 1469 436 1513 quod
448 1473 479 1506 est
491 1469 539 1512 ipsa
552 1470 739 1514 concupiscentia;
753 1480 817 1506 causa
828 1470 945 1507 traductio-

119 1541 152 1578 nis
163 1541 227 1578 huius
239 1542 324 1585 peccati
337 1545 369 1579 est
381 1542 475 1579 carnalis
488 1542 672 1585 concupiscentia.
684 1543 749 1579 Liber
761 1542 772 1578 2
786 1545 817 1579 est
829 1542 855 1579 de
868 1543 944 1586 poenis

119 1614 203 1657 peccati
216 1614 335 1658 originalis,
348 1614 385 1652 ubi
399 1625 445 1658 cap.
459 1615 469 1651 7
483 1625 510 1651 ss
525 1615 550 1652 de
562 1614 746 1658 concupiscentia.

173 1686 375 1730 «Concupiscentia
391 1687 438 1730 ista,
455 1698 492 1724 seu
507 1686 583 1731 libido,
601 1698 638 1724 seu
654 1687 769 1732 cupiditas,
787 1698 824 1725 seu
840 1688 945 1731 voluptas,

120 1771 157 1796 sen
172 1760 292 1804 delectatio,
307 1770 436 1804 quocunque
452 1771 477 1796 ex
492 1760 540 1796 istis
555 1759 679 1797 nominibus
693 1760 803 1803 appellare
817 1759 886 1804 malis,
902 1770 945 1797 non

121 1836 151 1869 est
167 1833 232 1876 aliud,
247 1843 311 1876 quam
325 1832 411 1875 pondus
426 1832 536 1875 quoddam
551 1832 666 1875 habituale‚
682 1843 724 1876 quo
741 1832 813 1869 anima
828 1831 946 1869 inclinatur

120 1905 146 1942 ad
162 1905 277 1942 fruendum
291 1905 402 1948 creaturis,
417 1916 454 1941 seu
466 1908 489 1941 ut
502 1904 632 1948 Augustinus
646 1905 748 1948 loquitur,
761 1904 825 1941 rebus
837 1903 946 1941 inferiori-

120 1978 160 2014 bus
169 1991 179 2013 »
188 1982 212 2013 11.
223 1977 292 2014 Motus
302 1977 493 2020 concupiscentiae
504 1989 514 2012 «
523 1987 566 2013 nou
578 1980 627 2014 sunt
638 1977 703 2021 aliud,
714 1977 758 2013 nisi
769 1976 875 2021 quaedam
885 1975 947 2013 incli-

119 2050 224 2094 nationes,
237 2050 336 2093 impetns,
348 2049 545 2093 concupiscentiae,
558 2051 701 2092 appetentiae,
713 2050 828 2093 appetitus,
840 2047 946 2092 cupidita-

122 2126 159 2165 tes,
172 2133 263 2165 amores,
278 2133 303 2159 ac
319 2122 436 2166 desideria
450 2121 528 2166 quibus
542 2121 642 2160 omnibus
657 2121 789 2165 nominibus,
804 2125 825 2159 et
839 2121 887 2158 aliis
902 2121 947 2164 plu-

120 2193 180 2231 ribus
196 2205 232 2231 eos
246 2194 377 2238 Augustinus
392 2204 470 2231 vocare
486 2193 548 2237 solet;
564 2204 727 2238 nonnumquam
742 2194 806 2231 etiam
823 2193 946 2231 delectatio·

122 2277 167 2309 nes,
177 2270 243 2311 prout
254 2267 368 2305 delectatio
380 2266 493 2304 Platonico
505 2276 565 2303 more
577 2277 618 2310 pro
632 2266 715 2304 actibus
729 2265 900 2309 concupiscendi
914 2266 949 2303 de-

121 2340 260 2377 lectationem
270 2340 380 2376 sumitur»
390 2344 413 2376 ¹2.
423 2338 535 2376 Obiectum
546 2349 619 2376 eorum
631 2341 661 2376 est
670 2337 776 2383 quidquid
786 2348 829 2375 non
840 2342 872 2376 est
881 2338 947 2383 Deus3

173 2536 180 2557 ⁹
194 2531 234 2565 Col.
247 2533 286 2565 143.

173 2597 190 2617 10
204 2592 244 2626 Col.
256 2593 290 2626 149
303 2604 317 2627 s.

173 2658 190 2678 11
204 2653 244 2686 Col.
255 2652 295 2686 317.

172 2718 189 2739 12
203 2714 243 2746 Col.
256 2713 296 2747 320.
