1952 3093
465 77 493 85 -
506 55 545 93 342
552 77 586 84 =--

106 177 173 220 firma,
187 185 238 214 non
254 179 325 213 tamen
346 172 453 217 deficeret}
472 186 540 220 neque
558 175 690 212 adversitate
710 175 781 220 aliqua
800 174 930 213 vinceretur.

106 249 137 286 lta
153 249 233 286 facturn
249 251 286 291 est,
301 248 437 284 utvoluntas
452 247 547 284 hominis
562 247 658 284 invalida
674 250 694 283 et
710 246 818 284 imbecilla
833 246 930 284 inbono

107 320 177 357 adhuc
190 315 257 363 parvo
272 323 421 363 perseveraret
433 330 472 362 per
485 319 586 356 virtutem
600 319 639 355 Dei
648 331 658 354 »
668 322 691 355 ⁵².

459 559 571 597 Tneocoor

161 709 209 747 Non
224 720 279 753 opus
294 709 380 747 videtur
396 708 473 747 afferre
489 701 561 753 plures
577 709 647 762 tentus
663 709 811 753 theologorum
825 708 848 745 in
864 719 894 753 re,
908 709 931 745 in

109 793 150 826 qua
166 781 298 819 conveniunt
306 785 333 827 ⁵³3
349 783 387 819 sed
402 793 449 819 cum
465 781 552 826 quidem
566 782 681 819 rideantur
694 782 804 824 ignorasse
818 780 876 818 hanc
889 791 935 818 esse

112 854 233 892 doctrinam
250 853 349 896 Molinae,
367 854 412 891 eius
430 853 495 891 verba
513 854 642 891 afferantur:
715 895 717 897 ,

165 925 255 963 «Altero
269 925 334 963 modo
348 918 429 963 dicitnr
442 926 498 963 Deus
512 926 566 962 velle
581 925 669 969 aliquid,
685 925 832 968 dependenter
846 924 934 970 quidem

112 998 137 1035 ab
153 997 243 1035 arbitrio
259 1000 337 1041 creato,
352 1009 393 1042 qua
406 998 498 1035 liberum
514 1001 551 1041 111,
567 1001 629 1043 atque
643 997 696 1035 adeo
712 997 751 1034 sub
765 993 901 1054 condicione,
916 996 934 1034 si

112 1072 207 1107 creatum
220 1069 334 1107 arbitrium
346 1070 401 1106 idt
382 1072 401 1108 et
403 1070 445 1107 iarn
458 1071 518 1113 11111;
533 1072 554 1107 11
566 1081 590 1107 11
603 1070 687 1107 ratione
700 1069 803 1127 absolute,
815 1054 874 1126 quod
887 1080 935 1106 curn

112 1133 238 1185 praevideat
251 1152 290 1185 per
303 1141 417 1179 arbitrium
430 1142 501 1185 ipsum
514 1142 582 1185 libere
595 1141 697 1196 futurum
710 1152 735 1197 ex
748 1141 936 1186 hypothesiquod

112 1224 160 1250 enm
178 1208 278 1251 ordinem
296 1224 368 1251 rerum
385 1214 436 1250 vielt
454 1224 534 1256 creare,
552 1224 616 1258 quern
634 1213 706 1256 reipsa
725 1224 798 1251 creare
817 1213 935 1256 constituit,

112 1286 130 1323 ci
146 1285 223 1329 placet,
240 1285 378 1341 absolutaque
394 1286 436 1339 iarn
452 1282 562 1341 uoluntate
577 1285 623 1323 vult
636 1288 659 1323 ut
674 1286 708 1329 sit,
723 1286 782 1330 quod
795 1268 863 1323 libere
873 1284 934 1323 'futu-

111 1368 159 1394 nnn
174 1360 211 1401 est
226 1352 338 1402 potestque
354 1368 398 1395 non
414 1369 466 1394 esse
482 1357 528 1394 Hac
544 1358 628 1395 ratione
643 1358 700 1395 Dens
717 1357 811 1421 optimus
828 1357 934 1395 maximus

113 1429 158 1467 vult
176 1430 249 1467 omnia
266 1429 330 1474 bona,
348 1441 402 1474 quae
421 1441 460 1473 per
478 1413 592 1486 arbitrium
611 1433 708 1467 nostrum
726 1432 775 1467 sunt
794 1430 872 1488 futura,
891 1440 935 1488 non

111 1499 180 1539 solum
192 1502 302 1554 voluntate
316 1501 470 1545 condicionali
485 1502 556 1539 sinos
570 1512 654 1546 quoque
669 1513 693 1539 ea
705 1502 803 1555 velimus,
818 1484 933 1539 sedetiam

112 1573 223 1624 voluntate
242 1573 346 1616 absoluta,
366 1576 471 1618 quatenus
489 1574 533 1617 ipsi
552 1574 695 1617 praevidenti
709 1585 733 1611 11
752 1574 823 1611 futura
843 1573 936 1622 placent

113 1646 230 1689 eademque
245 1645 319 1682 divina
333 1646 378 1683 eius
394 1649 414 1683 et
428 1646 543 1701 singularis
557 1646 643 1690 bonitas
656 1657 695 1705 per
710 1646 824 1683 arbitrium
839 1648 935 1702 nostrum

113 1717 208 1755 intendit
226 1729 250 1755 ac
260 1716 320 1755 vult
339 1717 401 1761 Quod
420 1720 490 1755 autem
508 1718 600 1773 haeret
592 1718 645 1755 tiam
665 1710 762 1755 absoluta
780 1718 819 1756 Dei
837 1699 935 1756 voluntas

113 1800 198 1833 semper
214 1790 336 1844 impleatur
353 1801 378 1827 ex
395 1801 420 1827 eo
438 1786 469 1842 111
484 1789 629 1834 manifestum
647 1790 697 1834 quia
715 1790 792 1827 nititur
809 1789 935 1846 certitudini

112 1851 269 1914 praescientiae
288 1860 381 1904 divinae,
398 1862 457 1906 quod
475 1862 504 1899 ita
522 1861 646 1899 res‘futnra
663 1863 691 1899 sit
707 1873 747 1905 per
761 1865 861 1917 ‘nostr-um
880 1843 935 1900 arbi-

113 1933 184 1978 trium,
195 1929 383 1978 ‘consequiturque
399 1934 421 1970 in
439 1934 483 1971 Deo
500 1933 591 1971 eandem
607 1934 785 1977 praescientiam:
804 1945 870 1978 quare
887 1920 935 1971 curn

112 2005 135 2041 in
149 2005 218 2043 Deum
232 2016 272 2043 nec
287 2006 377 2043 mutatio
391 2016 431 2043 nec
445 2006 604 2044 vicissitudinis
618 2006 754 2044 obumbratio
768 2007 846 2052 cadere
860 2006 935 2050 possit,

113 2088 176 2121 quam
196 2076 278 2114 certum
296 2081 327 2114 est
345 2078 413 2114 Deum
430 2089 470 2121 per
488 2088 534 2115 eam
553 2079 719 2120 praescientiam
739 2074 781 2115 non
800 2090 864 2122 posse
883 2079 936 2121 11111,

113 2152 156 2186 tam
174 2152 255 2186 certum
274 2152 310 2193 est,
328 2150 435 2187 eiusmodi
452 2149 572 2187 absolutam
589 2150 629 2187 Dei
646 2150 783 2188 voluntatem
796 2162 881 2194 semper
898 2151 936 2187 im—

113 2221 168 2264 pleri
177 2224 221 2258 154.
830 2222 841 2246 ‘3
899 2222 939 2267 aaa

160 2394 177 2416 ⁵2
190 2390 217 2423 De
234 2391 356 2430 correptione
372 2394 391 2423 et
406 2391 470 2429 gratia
487 2390 514 2429 12,
530 2390 562 2428 381
579 2391 613 2424 ML
630 2391 658 2429 44,
675 2391 708 2424 939
726 2401 750 2429 s.;
767 2390 792 2423 cf.
809 2391 837 2429 14,
854 2391 886 2428 453
904 2390 937 2423 ML

113 2450 141 2489 tt,
156 2450 189 2485 943
204 2461 228 2489 1.;
243 2450 259 2484 R
272 2450 324 2484 1963.

161 2499 677 2551 111111111111111111111111.

160 2575 178 2596 ⁵4
191 2571 300 2604 Concordia
314 2560 334 2611 (1.Ι
348 2571 369 2604 19
386 2582 402 2604 1.
416 2571 427 2603 6
440 2570 489 2610 disp.
503 2570 522 2609 23
538 2571 559 2603 in
574 2570 620 2604 edit.
635 2571 694 2611 paris.
710 2571 755 2605 1876
769 2580 811 2611 pag,
826 2572 860 2605 392
875 2582 889 2604 s.
