1952 3093
452 55 573 93 -262-

98 175 172 211 veniat
186 174 208 211 in
223 185 261 212 vos
276 176 389 219 repentina
405 177 451 214 dies
465 178 513 214 illa:
529 181 637 222 tamquam
650 179 739 223 laqueus
753 179 811 216 enim
826 189 925 222 superve-

99 245 144 283 niet
154 246 177 282 in
187 256 268 291 omnes,
278 248 315 291 qui
326 248 401 285 sedent
412 260 477 292 super
487 249 566 287 taciem
577 250 647 287 omnis
659 253 734 288 terrae.
745 251 836 294 Vigilate
846 252 924 297 itaque,

100 319 160 355 omni
171 320 268 362 tempore
281 321 373 364 orantes,
385 324 409 358 ut
423 321 483 364 digni
495 321 627 366 habeamini,
640 323 714 365 fugere
725 323 766 359 ista
779 323 859 367 omnia,
870 335 924 369 quae

102 390 174 428 futura
186 394 242 434 sunt,
255 394 275 429 et
288 395 343 429 stare
353 395 404 429 aute
418 393 497 431 Filium
507 394 602 431 hominis
612 406 629 431 >>.

468 625 549 663 Parnes

153 768 174 806 S.
183 769 325 806 Auousrinus
336 769 382 806 fuse
393 770 449 806 hanc
460 769 608 814 quaestionem
618 772 696 806 tractat
706 770 729 805 in
739 769 796 807 libro
808 769 858 806 «De
868 769 925 807 dono

100 841 274 885 perseverantiae
282 844 315 877 1⁰⁰.
325 841 391 878 Initio
403 841 497 879 ostendit
508 841 561 886 quid
572 841 600 878 sit
610 841 663 878 haec
674 840 846 885 perseverantia:
861 841 925 879 «Iam

103 912 129 950 de
142 913 304 957 perseverantia
319 913 444 957 diligentius
458 914 613 957 disputandum
627 916 668 951 est:
684 924 734 951 uam
748 913 803 951 etin
817 913 890 957 priore
902 914 927 950 li-

101 984 182 1028 1111101,
196 996 245 1022 cum
258 994 369 1028 ageremus
383 986 409 1023 de
422 986 486 1023 initio
498 985 555 1029 fidei,
569 985 633 1023 etiam
646 985 672 1022 de
685 986 725 1022 hac
740 985 811 1029 aliqua
825 985 926 1023 diximus.

102 1057 223 1094 Asserimus
235 1067 285 1101 ergo
299 1058 379 1094 donum
391 1057 431 1095 Dei
445 1069 490 1095 esse
501 1057 684 1101 perseverantiam
696 1068 737 1101 qua
749 1043 850 1102 usquein
862 1057 927 1095 finem

103 1132 254 1173 perseveratur
268 1129 291 1165 in
309 1129 401 1167 Christo.
417 1130 493 1167 Finem
510 1132 580 1167 autern
598 1129 654 1173 dico,
670 1140 713 1174 quo
730 1130 774 1166 vita
791 1130 832 1167 ista
847 1130 928 1174 finitur,

102 1201 125 1237 in
136 1212 178 1246 qua
189 1202 338 1239 tantummodo
349 1202 470 1245 perieulum
483 1205 513 1238 est
525 1213 551 1238 ne
564 1201 659 1250 cadatur.
670 1201 744 1246 Itaque
754 1204 826 1239 utrum
837 1202 927 1246 quisque

102 1273 143 1310 hoc
156 1284 234 1311 munus
247 1273 362 1317 acceperit,
377 1273 481 1318 quamdiu
495 1273 552 1311 hane
566 1274 632 1310 vitam
648 1273 715 1317 duxit,
729 1275 836 1311 incertum
851 1278 889 1311 est.
904 1274 926 1312 Si

104 1345 161 1382 enim
176 1345 303 1390 priusquam
319 1345 425 1382 moriatur
441 1346 510 1390 cadat,
525 1355 569 1382 non
585 1356 735 1389 perseverasse
750 1345 823 1390 utique
841 1346 927 1390 dicitur,

103 1420 124 1454 11
137 1417 250 1456 verissime
266 1418 352 1455 dicitur.
369 1418 481 1462 Quomodo
497 1427 546 1461 ergo
562 1417 752 1461 perseverantiam,
768 1418 927 1462 (111111111-

104 1490 216 1533 severavit,
231 1490 342 1533 accepisse
356 1490 390 1527 vel
403 1489 505 1536 hahuisse
520 1490 625 1527 dicendus
640 1490 685 1527 est‘i
699 1489 753 1527 Nam
768 1489 787 1527 si
800 1490 877 1527 habeat
891 1491 927 1528 ali-

105 1561 153 1605 quis
166 1561 329 1606 continentiam,
342 1565 362 1599 et
375 1561 401 1598 ab
415 1573 439 1598 ea
453 1561 540 1598 decidat
553 1551 615 1606 atque
628 1561 768 1600 incontinens
781 1561 823 1605 fiat,
838 1562 856 1599 si
869 1562 929 1600 iusti-

104 1635 155 1670 tium
169 1634 275 1679 similiter,
289 1635 307 1671 si
320 1635 455 1678 patientiam,
469 1635 487 1671 si
500 1634 569 1678 ipsam
581 1633 651 1678 fidem,
664 1628 721 1672 reete
735 1634 815 1672 dieitur
828 1634 929 1672 habuisse

104 1709 124 1743 et
137 1716 180 1743 non
193 1706 283 1744 habere:
300 1708 414 1744 continens
428 1708 486 1743 enim
500 1707 546 1750 init,
560 1708 593 1744 vel
605 1707 673 1744 iustus
685 1707 732 1751 fuit,
745 1707 779 1744 vel
792 1706 883 1751 patiens,
896 1707 929 1744 vol

104 1778 174 1815 tidelis
192 1779 238 1822 1111,
258 1779 361 1823 quamdiu
381 1779 432 1816 tuit:
454 1790 502 1816 cum
521 1790 573 1816 vero
590 1790 636 1816 esse
655 1779 742 1823 destitit,
760 1789 804 1816 non
823 1783 854 1816 est
872 1779 931 1823 quod

105 1851 155 1888 tuit:
173 1851 209 1895 qui
224 1863 275 1889 vero
289 1862 332 1889 non
348 1851 525 1896 perseveraverit,
540 1852 648 1896 quomodo
662 1861 803 1895 perseverans
817 1844 930 1896 1111111111

105 1925 264 1967 perseverando
283 1924 374 1968 quisque
393 1925 493 1961 ostendat
511 1936 535 1961 se
551 1927 731 1967 perseverantem,
751 1924 809 1968 quod
828 1923 868 1961 iste
886 1933 930 1961 non

107 1996 172 2034 fecit?
186 1997 228 2035 Sed
243 2008 269 2034 ne
283 1997 396 2041 quisquam
412 1997 529 2034 reluctetur
542 2000 562 2033 et
575 1997 643 2034 dieat:
661 1997 679 2033 si
694 2008 719 2033 ex
734 2007 776 2041 quo
790 1996 861 2033 fidelis
875 1996 932 2040 quis-

106 2080 147 2113 que
164 2069 234 2107 iactus
250 2072 287 2111 est,
302 2069 363 2114 vixit,
379 2070 440 2106 verbi
457 2069 531 2113 gratia,
550 2069 624 2106 decem
641 2079 716 2112 annos,
732 2072 752 2106 et
769 2079 843 2106 eorum
860 2067 932 2106 medio

106 2145 203 2186 tempore
217 2152 229 2179 a
240 2142 282 2179 fide
294 2142 369 2186 tapsus
382 2145 419 2185 est,
432 2151 504 2178 nonne
518 2141 612 2186 quinque
626 2152 694 2179 annos
707 2140 867 2185 perseveravit?
882 2139 930 2178 Non

106 2216 214 2252 contendo
232 2215 257 2253 de
274 2214 352 2257 verbis,
369 2215 387 2251 si
403 2218 423 2252 et
437 2214 474 2251 issa
489 2215 650 2257 perseverantia
666 2216 754 2257 putatur
770 2225 816 2251 esse
833 2213 931 2255 dicenda,

106 2289 214 2332 tamquam
225 2286 329 2331 temporis
341 2287 385 2324 sui:
398 2286 455 2323 hane
467 2289 524 2323 certe
537 2286 562 2322 de
574 2297 616 2330 qua
628 2297 686 2323 nune
699 2286 780 2329 agimus
791 2296 929 2330 perseveran-

105 2359 164 2403 tiam,
178 2359 255 2404 quain
270 2358 356 2396 Christo
369 2360 520 2402 perseveratur
533 2369 599 2403 usque
614 2358 637 2395 in
651 2358 722 2401 finem,
738 2358 797 2395 11111
812 2358 876 2396 modo
892 2359 928 2395 ha·

104 2431 177 2468 huisse
190 2431 296 2469 dicendus
309 2434 346 2474 est,
359 2430 395 2475 qui
408 2419 635 2474 nonperseveraverit
646 2441 713 2474 usque
726 2430 748 2466 in
761 2429 835 2474 finem;
847 2430 928 2474 potius·

105 2515 146 2548 que
157 2504 214 2541 hane
224 2504 300 2541 hahuit
309 2504 374 2541 unius
384 2504 436 2540 anni
447 2502 523 2548 fidelis,
535 2507 556 2540 et
566 2506 669 2548 quantum
681 2502 740 2540 infra
752 2503 842 2547 eogitari
854 2504 930 2546 potest,

155 2663 181 2685 1⁰⁰
195 2659 257 2699 Supra
271 2666 314 2699 pag.
329 2659 351 2692 22
365 2669 380 2692 s.

154 2724 181 2746 1⁰1
194 2721 221 2753 De
236 2720 418 2753 Praedestinatioue
433 2720 554 2752 Sanctorum*
