1952 3093
51 120 131 158 infusio
145 120 227 164 gratiae
242 120 403 158 sanctificantis.
418 120 457 158 Illa
473 130 522 164 ergo
537 116 749 169 est'iundamentum
764 119 876 158 relationis

51 194 184 240 praesentiae
197 194 236 231 Dei
248 194 270 231 in
284 194 362 231 anima.
376 193 432 231 Haec
446 192 569 237 praesentia
583 193 647 231 modo
661 192 751 236 speciali
764 192 877 237 praedicu-

51 272 84 306 tur
99 268 124 306 de
139 268 188 312 ipso
202 267 285 312 Spiritu
299 267 384 305 Sancto.
398 267 423 304 In
439 269 531 304 tractatu
547 267 573 304 de
588 266 694 304 Trinitare
708 265 831 305 ostenditur
846 266 885 303 sess

51 341 145 378 cilndum
159 340 329 378 communiorem
342 340 477 383 sententiam,
491 342 567 377 contra
580 339 697 383 petavium,
711 341 745 384 agi
760 340 786 378 de
800 350 877 383 appro-

50 413 158 457 priatione
167 417 190 450 1⁵.
205 413 261 456 Ergo
272 417 316 450 tres
327 406 433 456 personae
446 412 533 449 diuinae
545 413 601 449 dono
612 424 634 449 se
647 413 699 449 dant
710 413 733 449 in
744 412 877 450 iustificatio-

15 515 17 517 .
47 496 80 522 ne.
91 484 137 522 Hoc
148 484 345 528 «praesensum»
356 485 378 520 in
390 484 463 521 anima
473 480 524 520 iusti
535 495 561 520 ex
572 487 633 526 parte
644 485 740 520 omnium
751 484 816 521 trium
826 495 873 528 per-

52 567 153 595 sonarum
164 560 196 594 est
209 558 303 594 «ventre
311 568 332 601 »;
345 556 414 599 Pater,
426 556 493 594 Filius
506 559 526 593 et
539 556 632 599 Spiritus
644 556 734 593 Sanctus
748 556 876 594 «veniunt»

52 633 73 668 in
86 632 181 669 animam
192 631 253 676 iusti;
265 642 290 668 ex
303 633 364 674 parte
377 629 484 667 secundae
497 633 517 667 et
529 629 605 666 tertiae
618 639 724 672 personae
735 629 799 667 habet
813 630 877 667 etiam

52 705 157 742 rationem
169 704 281 742 missionis
297 703 380 745 (missio
393 701 527 745 invisibilis).

101 780 232 818 inhabitatio
246 781 286 819 Dei
299 782 321 817 in
335 781 392 819 iusto
406 785 437 819 est
449 782 501 819 unio
514 782 620 827 quaedam
632 782 672 818 Dei
686 792 735 818 cum
748 782 812 818 iusto.
824 781 873 818 Ter-

48 852 120 889 minus
128 852 192 890 huius
203 852 290 890 unionis
300 863 343 890 non
353 856 384 891 est
394 864 460 891 unum
472 854 618 896 substantiale,
629 857 650 890 et
659 853 712 890 hinc
722 854 770 897 ipsa
779 853 831 890 unio
844 853 874 890 di-

49 924 118 961 cenda
129 927 160 961 est
174 924 325 968 accidentalia
339 925 427 962 termini
439 928 515 969 autem,
528 926 565 969 qui
579 926 609 961 ita
621 925 785 962 accidentaliter
798 925 874 961 uniun-

52 1000 92 1042 tur,
105 1000 154 1035 sunt
165 997 303 1035 substantiae.
315 997 370 1041 Ergo
383 1008 426 1035 non
437 997 507 1042 agitur
520 999 545 1035 tle
557 996 680 1040 praeseutia
690 998 729 1034 Dei
741 1007 799 1034 mere
813 997 878 1041 dyna-

53 1071 114 1114 mica,
131 1071 253 1114 praesentia
268 1071 361 1115 virtutis,
377 1071 414 1109 sed
430 1072 477 1115 ipsa
494 1071 614 1108 substantia
631 1070 706 1108 divina
721 1071 753 1108 est
768 1080 878 1113 praesens,

51 1146 70 1179 et
83 1143 124 1180 hoc
139 1153 203 1180 sensu
217 1143 265 1186 ipsa
279 1144 401 1185 praesentia
416 1143 455 1180 Dei
470 1144 492 1180 in
509 1144 564 1181 iusto
580 1147 611 1180 est
626 1143 780 1180 substantialis.

69 1264 71 1273 .
107 1220 128 1257 Si
146 1213 225 1265 Patres,
245 1221 337 1268 maxime
357 1222 379 1257 in
399 1221 547 1258 controversia
567 1232 615 1258 cuin
635 1221 769 1258 Nestorianis
788 1221 879 1264 speciali

54 1293 116 1328 ruodo
131 1296 212 1335 urgent,
226 1293 328 1330 unionem
342 1296 430 1329 naturae
444 1293 530 1330 divinae
542 1297 563 1329 et
576 1293 682 1330 humanae
696 1294 719 1329 in
734 1292 819 1330 Christo
833 1304 878 1330 esse

52 1362 172 1406 physicam,
186 1373 229 1400 non
243 1363 311 1400 solum
326 1364 443 1400 secundum
459 1364 615 1418 habitudinem,
629 1365 660 1401 uti
674 1364 698 1400 in
711 1364 779 1406 iustis,
795 1365 817 1400 in
832 1365 878 1408 qiu-

100 1578 117 1598 ῑῡ
131 1574 202 1607 «Siout
215 1575 240 1607 ad
252 1574 306 1607 intra
318 1575 386 1608 omnia
400 1575 496 1608 attributa
510 1579 528 1608 et
540 1585 609 1607 omnes
623 1575 717 1608 formales
732 1576 818 1608 rationes
833 1581 878 1608 suut

54 1634 101 1673 quid
115 1643 177 1667 unum
191 1644 295 1667 commune
307 1634 372 1667 trihus
385 1635 475 1673 personis
490 1638 567 1673 praeter
581 1635 688 1668 relationes
701 1636 786 1667 invicem
800 1637 879 1674 opposi-

53 1697 89 1732 tas,
105 1694 177 1733 quibus
191 1704 286 1733 personae
302 1695 451 1727 constituuntur
467 1698 486 1728 et
502 1695 660 1734 distinguuntur3
678 1697 707 1728 ita
723 1699 821 1734 respectus
838 1706 879 1728 onr-

53 1764 87 1786 nes
101 1754 126 1787 ad
138 1756 194 1787 extra
205 1764 319 1787 communes
332 1758 378 1787 sunt
391 1755 456 1787 trihus
468 1756 557 1794 personis
571 1765 606 1788 seu
618 1758 665 1788 sunt
677 1755 712 1788 Dei
725 1756 785 1788 unius
799 1759 818 1787 et
831 1757 878 1788 trini

54 1818 130 1854 praeter
144 1815 209 1849 solum
223 1818 332 1855 respectum
348 1815 412 1854 illum,
428 1816 461 1855 qui
478 1815 574 1848 tundatur
590 1816 610 1848 in
626 1815 728 1849 iunctione
744 1815 878 1855 hypostatica

54 1877 71 1910 is
86 1877 138 1910 enim
153 1880 218 1916 potest
232 1887 273 1910 esse
288 1877 380 1917 proprius
396 1877 430 1910 uni
444 1886 544 1917 personae,
559 1877 607 1917 quia
621 1887 715 1916 personae
731 1877 843 1910 formaliter
859 1880 879 1910 ut

54 1947 148 1976 personae
161 1938 242 1971 realiter
255 1939 307 1971 inter
321 1948 340 1971 se
354 1938 509 1977 distinguuntur.
524 1939 607 1971 Functio
623 1941 689 1971 autem
703 1937 829 1978 hypostatica
844 1939 880 1972 suh

55 1998 135 2031 formali
151 1999 228 2031 ratione
243 1999 378 2038 hypostaseos,
394 2000 501 2032 seeundum
517 2009 577 2039 quarn
591 2003 620 2032 est
635 1999 715 2031 realiter
730 1999 830 2038 distincta,
846 2010 880 2032 uec

54 2059 90 2091 tide
103 2059 228 2097 cognoscitur
240 2068 275 2091 nec
288 2059 392 2098 supposita
406 2059 442 2091 fide
457 2059 577 2097 intelligitur
591 2059 631 2092 alia
645 2069 705 2098 quani
721 2062 831 2092 sustentare
846 2070 880 2092 uu-

54 2121 126 2157 turarn,
140 2121 162 2151 ut
176 2119 214 2151 dici
229 2119 284 2157 solet,
298 2129 332 2151 scu
346 2119 418 2151 hahere
431 2122 524 2151 naturam
538 2123 559 2151 ut
574 2129 648 2151 suern...
664 2129 703 2152 una
716 2129 800 2157 persona
813 2120 880 2152 divina

55 2188 94 2211 non
108 2181 173 2218 potest
188 2179 256 2211 reicrri
272 2179 296 2211 ad
310 2181 366 2212 extra
380 2180 482 2211 iunctione
497 2179 535 2211 sihi
550 2180 630 2217 propria
644 2182 662 2210 et
677 2189 716 2211 uon
732 2181 832 2212 communi
846 2182 880 2212 tri-

54 2238 96 2278 hus,
110 2240 150 2273 nisi
163 2239 240 2273 iunctio
255 2239 291 2273 illa
305 2240 331 2273 sit
343 2238 475 2279 hypostatica,
490 2239 537 2279 quia
552 2239 588 2273 sub
603 2240 645 2272 sola
660 2239 740 2273 formali
756 2240 833 2273 ratione
846 2239 882 2280 hy—

55 2303 156 2339 postaseos
175 2311 215 2334 una
232 2310 317 2341 persona
333 2301 463 2340 distinguitur
482 2301 506 2334 ah
525 2301 570 2334 aliis
588 2301 609 2333 in
628 2301 659 2333 SS.
678 2301 784 2340 Trinitate;
804 2302 881 2335 iunctio

57 2364 122 2395 autem
138 2362 264 2401 hypostatica
281 2362 305 2395 ad
321 2364 377 2395 extra
393 2362 449 2395 nulla
467 2361 507 2395 alia
522 2361 579 2394 nohis
596 2362 683 2395 revelata
700 2366 729 2395 est
744 2372 779 2395 nee
797 2363 881 2402 intelligi

55 2424 125 2461 potest,
141 2423 181 2455 nisi
195 2422 331 2461 hypostaticae
345 2423 426 2455 virtutis
441 2423 496 2456 velut
511 2424 599 2455 extensio
617 2423 640 2456 ad
657 2424 807 2456 sustentandam
823 2427 881 2457 natu-

56 2491 97 2515 ram
113 2486 205 2522 creatam,
222 2492 272 2522 quae
290 2485 319 2515 est
334 2483 382 2515 unio
399 2483 542 2521 hypostatica...
560 2483 584 2515 At
602 2492 649 2515 sane
665 2483 778 2516 coniunctio
796 2483 881 2523 Spiritus

58 2542 123 2575 Sancti
135 2553 180 2575 cum
191 2543 256 2581 iustis,
269 2543 292 2575 de
304 2552 343 2582 qua
357 2543 427 2581 agitur,
439 2552 478 2574 non
492 2545 522 2575 est
535 2543 581 2575 unio
595 2542 730 2582 hypostatiea;
744 2551 788 2582 ergo
801 2545 883 2576 coniun-

56 2603 95 2636 ctio
106 2603 216 2637 necessario
228 2603 296 2636 eadem
307 2606 336 2636 est
350 2602 414 2636 Patris
428 2613 449 2635 ac
461 2602 507 2634 Filii
515 2612 531 2634 >a
545 2602 655 2642 Franzelin,
668 2603 696 2635 De
708 2603 748 2636 Deo
760 2603 826 2643 Trino,
839 2612 882 2643 pag.

58 2663 92 2697 574
106 2675 121 2698 s.
