<?xml version="1.0" encoding="UTF-8"?>
<!DOCTYPE html PUBLIC "-//W3C//DTD XHTML 1.0 Transitional//EN"
    "http://www.w3.org/TR/xhtml1/DTD/xhtml1-transitional.dtd">
<html xmlns="http://www.w3.org/1999/xhtml" xml:lang="en" lang="en">
 <head>
  <title>
</title>
<meta http-equiv="Content-Type" content="text/html;charset=utf-8" />
  <meta name='ocr-system' content='tesseract 3.04.00' />
  <meta name='ocr-capabilities' content='ocr_page ocr_carea ocr_par ocr_line ocrx_word'/>
</head>
<body>
  <div class='ocr_page' id='page_1' title='image "./MN41638ucmf_6_0222.png"; bbox 0 0 1952 3093; ppageno 0'>
   <div class='ocr_carea' id='block_1_1' title="bbox 425 25 547 64">
    <p class='ocr_par' dir='ltr' id='par_1_1' title="bbox 425 25 547 64">
     <span class='ocr_line' id='line_1_1' title="bbox 425 25 547 64; baseline -0.008 -10"><span class='ocrx_word' id='word_1_1' title='bbox 425 25 547 64; x_wconf 68' lang='lat'>-202-</span> 
     </span>
    </p>
   </div>
   <div class='ocr_carea' id='block_1_2' title="bbox 73 146 899 187">
    <p class='ocr_par' dir='ltr' id='par_1_2' title="bbox 73 146 899 187">
     <span class='ocr_line' id='line_1_2' title="bbox 73 146 899 187; baseline 0 -7"><span class='ocrx_word' id='word_1_2' title='bbox 73 149 123 187; x_wconf 81' lang='lat' dir='ltr'>Ergo</span> <span class='ocrx_word' id='word_1_3' title='bbox 137 149 197 180; x_wconf 89' lang='lat' dir='ltr'>homo</span> <span class='ocrx_word' id='word_1_4' title='bbox 210 148 292 181; x_wconf 80' lang='lat' dir='ltr'>honeste</span> <span class='ocrx_word' id='word_1_5' title='bbox 308 156 366 186; x_wconf 81' lang='lat' dir='ltr'>agens</span> <span class='ocrx_word' id='word_1_6' title='bbox 381 148 421 180; x_wconf 89' lang='lat' dir='ltr'>Deo</span> <span class='ocrx_word' id='word_1_7' title='bbox 435 147 524 186; x_wconf 84' lang='lat' dir='ltr'>loquenti</span> <span class='ocrx_word' id='word_1_8' title='bbox 539 156 559 179; x_wconf 93' lang='lat' dir='ltr'>se</span> <span class='ocrx_word' id='word_1_9' title='bbox 574 146 652 179; x_wconf 82' lang='lat' dir='ltr'>subicit.</span> <span class='ocrx_word' id='word_1_10' title='bbox 668 146 718 179; x_wconf 87' lang='lat' dir='ltr'>llaec</span> <span class='ocrx_word' id='word_1_11' title='bbox 733 150 763 180; x_wconf 88' lang='lat' dir='ltr'>est</span> <span class='ocrx_word' id='word_1_12' title='bbox 777 147 839 186; x_wconf 76' lang='lat' dir='ltr'>igitur</span> <span class='ocrx_word' id='word_1_13' title='bbox 853 147 899 180; x_wconf 88' lang='lat' dir='ltr'>fides</span> 
     </span>
    </p>
   </div>
   <div class='ocr_carea' id='block_1_3' title="bbox 73 206 901 488">
    <p class='ocr_par' dir='ltr' id='par_1_3' title="bbox 73 206 901 488">
     <span class='ocr_line' id='line_1_3' title="bbox 74 206 900 248; baseline 0 -7"><span class='ocrx_word' id='word_1_14' title='bbox 74 209 142 248; x_wconf 82' lang='lat' dir='ltr'>aliqua</span> <span class='ocrx_word' id='word_1_15' title='bbox 153 209 193 240; x_wconf 86' lang='lat' dir='ltr'>late</span> <span class='ocrx_word' id='word_1_16' title='bbox 207 208 264 247; x_wconf 81' lang='lat' dir='ltr'>dicta,</span> <span class='ocrx_word' id='word_1_17' title='bbox 277 212 307 241; x_wconf 91' lang='lat' dir='ltr'>est</span> <span class='ocrx_word' id='word_1_18' title='bbox 319 209 412 240; x_wconf 88' lang='lat' dir='ltr'>voluntas</span> <span class='ocrx_word' id='word_1_19' title='bbox 424 208 486 240; x_wconf 78' lang='lat' dir='ltr'>tidelis</span> <span class='ocrx_word' id='word_1_20' title='bbox 498 215 543 246; x_wconf 82' lang='lat' dir='ltr'>erga</span> <span class='ocrx_word' id='word_1_21' title='bbox 556 208 618 239; x_wconf 89' lang='lat' dir='ltr'>Deum</span> <span class='ocrx_word' id='word_1_22' title='bbox 630 210 649 239; x_wconf 92' lang='lat' dir='ltr'>et</span> <span class='ocrx_word' id='word_1_23' title='bbox 662 206 748 240; x_wconf 91' lang='lat' dir='ltr'>initialis</span> <span class='ocrx_word' id='word_1_24' title='bbox 761 208 842 247; x_wconf 84' lang='lat' dir='ltr'>quidam</span> <span class='ocrx_word' id='word_1_25' title='bbox 855 208 900 246; x_wconf 87' lang='lat' dir='ltr'>pius</span> 
     </span>
     <span class='ocr_line' id='line_1_4' title="bbox 73 267 901 307; baseline -0.002 -5"><span class='ocrx_word' id='word_1_26' title='bbox 73 269 197 302; x_wconf 74' lang='lat' dir='ltr'><strong>credulitatis</strong></span> <span class='ocrx_word' id='word_1_27' title='bbox 210 269 298 301; x_wconf 81' lang='lat' dir='ltr'>allectus.</span> <span class='ocrx_word' id='word_1_28' title='bbox 311 269 350 301; x_wconf 85' lang='lat' dir='ltr'>Hoc</span> <span class='ocrx_word' id='word_1_29' title='bbox 363 278 422 301; x_wconf 89' lang='lat' dir='ltr'>sensu</span> <span class='ocrx_word' id='word_1_30' title='bbox 435 268 537 307; x_wconf 89' lang='lat' dir='ltr'>apostolus</span> <span class='ocrx_word' id='word_1_31' title='bbox 550 267 697 300; x_wconf 86' lang='lat' dir='ltr'>oboedientiam</span> <span class='ocrx_word' id='word_1_32' title='bbox 709 268 826 306; x_wconf 82' lang='lat' dir='ltr'>praestitam</span> <span class='ocrx_word' id='word_1_33' title='bbox 839 268 901 301; x_wconf 89' lang='lat' dir='ltr'>dicta-</span> 
     </span>
     <span class='ocr_line' id='line_1_5' title="bbox 74 327 901 367; baseline 0.001 -7"><span class='ocrx_word' id='word_1_34' title='bbox 74 329 124 360; x_wconf 88' lang='lat' dir='ltr'>mini</span> <span class='ocrx_word' id='word_1_35' title='bbox 140 328 272 361; x_wconf 86' lang='lat' dir='ltr'>conscientiae</span> <span class='ocrx_word' id='word_1_36' title='bbox 288 331 345 361; x_wconf 83' lang='lat' dir='ltr'>vocat</span> <span class='ocrx_word' id='word_1_37' title='bbox 361 329 429 361; x_wconf 78' lang='lat' dir='ltr'>iidem:</span> <span class='ocrx_word' id='word_1_38' title='bbox 448 328 510 361; x_wconf 86' lang='lat' dir='ltr'>Omne</span> <span class='ocrx_word' id='word_1_39' title='bbox 526 328 579 367; x_wconf 83' lang='lat' dir='ltr'>quod</span> <span class='ocrx_word' id='word_1_40' title='bbox 596 337 635 359; x_wconf 95' lang='lat' dir='ltr'>non</span> <span class='ocrx_word' id='word_1_41' title='bbox 653 337 677 359; x_wconf 83' lang='lat' dir='ltr'>ex</span> <span class='ocrx_word' id='word_1_42' title='bbox 693 327 730 359; x_wconf 88' lang='lat' dir='ltr'>fide</span> <span class='ocrx_word' id='word_1_43' title='bbox 747 330 782 367; x_wconf 87' lang='lat' dir='ltr'>est,</span> <span class='ocrx_word' id='word_1_44' title='bbox 799 330 901 367; x_wconf 84' lang='lat' dir='ltr'>peccatum</span> 
     </span>
     <span class='ocr_line' id='line_1_6' title="bbox 75 387 901 427; baseline -0.001 -6"><span class='ocrx_word' id='word_1_45' title='bbox 75 391 104 421; x_wconf 90' lang='lat' dir='ltr'>est</span> <span class='ocrx_word' id='word_1_46' title='bbox 112 399 122 420; x_wconf 84' lang='lat'>»</span> <span class='ocrx_word' id='word_1_47' title='bbox 129 392 162 420; x_wconf 68' lang='lat'>18⁵.</span> <span class='ocrx_word' id='word_1_48' title='bbox 178 389 209 420; x_wconf 89' lang='lat' dir='ltr'>lta</span> <span class='ocrx_word' id='word_1_49' title='bbox 223 388 320 421; x_wconf 88' lang='lat' dir='ltr'>Scheeben</span> <span class='ocrx_word' id='word_1_50' title='bbox 326 392 354 414; x_wconf 66' lang='lat'>³187</span> <span class='ocrx_word' id='word_1_51' title='bbox 370 389 461 421; x_wconf 89' lang='lat' dir='ltr'>evolvens</span> <span class='ocrx_word' id='word_1_52' title='bbox 477 391 496 420; x_wconf 87' lang='lat' dir='ltr'>et</span> <span class='ocrx_word' id='word_1_53' title='bbox 512 388 620 420; x_wconf 90' lang='lat' dir='ltr'>immutans</span> <span class='ocrx_word' id='word_1_54' title='bbox 637 387 757 420; x_wconf 91' lang='lat' dir='ltr'>sententiam</span> <span class='ocrx_word' id='word_1_55' title='bbox 771 388 901 427; x_wconf 77' lang='lat' dir='ltr'>Ripaldae18⁸</span> 
     </span>
     <span class='ocr_line' id='line_1_7' title="bbox 75 448 588 488; baseline 0 -8"><span class='ocrx_word' id='word_1_56' title='bbox 75 458 134 488; x_wconf 85' lang='lat' dir='ltr'>quem</span> <span class='ocrx_word' id='word_1_57' title='bbox 150 449 265 485; x_wconf 87' lang='lat' dir='ltr'>(Scheeben)</span> <span class='ocrx_word' id='word_1_58' title='bbox 280 449 359 481; x_wconf 86' lang='lat' dir='ltr'>videtur</span> <span class='ocrx_word' id='word_1_59' title='bbox 373 451 451 481; x_wconf 85' lang='lat' dir='ltr'>secutus</span> <span class='ocrx_word' id='word_1_60' title='bbox 466 458 507 480; x_wconf 90' lang='lat' dir='ltr'>esse</span> <span class='ocrx_word' id='word_1_61' title='bbox 522 448 588 480; x_wconf 87' lang='lat' dir='ltr'>Pesch.</span> 
     </span>
    </p>
   </div>
   <div class='ocr_carea' id='block_1_4' title="bbox 77 532 903 752">
    <p class='ocr_par' dir='ltr' id='par_1_4' title="bbox 77 532 903 752">
     <span class='ocr_line' id='line_1_8' title="bbox 124 532 903 577; baseline -0.001 -6"><span class='ocrx_word' id='word_1_62' title='bbox 124 540 142 577; x_wconf 79' lang='lat'>5)</span> <span class='ocrx_word' id='word_1_63' title='bbox 154 540 216 571; x_wconf 90' lang='lat' dir='ltr'>Homo</span> <span class='ocrx_word' id='word_1_64' title='bbox 228 540 304 572; x_wconf 87' lang='lat' dir='ltr'>actibus</span> <span class='ocrx_word' id='word_1_65' title='bbox 315 540 357 572; x_wconf 92' lang='lat' dir='ltr'>suis</span> <span class='ocrx_word' id='word_1_66' title='bbox 367 539 460 577; x_wconf 84' lang='lat' dir='ltr'>dirigitur</span> <span class='ocrx_word' id='word_1_67' title='bbox 470 539 501 571; x_wconf 90' lang='lat' dir='ltr'>vel</span> <span class='ocrx_word' id='word_1_68' title='bbox 511 538 594 571; x_wconf 88' lang='lat' dir='ltr'>caritate</span> <span class='ocrx_word' id='word_1_69' title='bbox 603 538 676 576; x_wconf 81' lang='lat' dir='ltr'>divina,</span> <span class='ocrx_word' id='word_1_70' title='bbox 686 538 717 570; x_wconf 91' lang='lat' dir='ltr'>vel</span> <span class='ocrx_word' id='word_1_71' title='bbox 726 538 834 577; x_wconf 90' lang='lat' dir='ltr'>cupiditate</span> <span class='ocrx_word' id='word_1_72' title='bbox 845 532 903 570; x_wconf 87' lang='lat' dir='ltr'>mun-</span> 
     </span>
     <span class='ocr_line' id='line_1_9' title="bbox 77 592 903 639; baseline -0.002 -7"><span class='ocrx_word' id='word_1_73' title='bbox 77 601 134 639; x_wconf 87' lang='lat' dir='ltr'>dana,</span> <span class='ocrx_word' id='word_1_74' title='bbox 148 600 211 637; x_wconf 85' lang='lat' dir='ltr'>mala;</span> <span class='ocrx_word' id='word_1_75' title='bbox 227 601 282 638; x_wconf 89' lang='lat' dir='ltr'>atqui</span> <span class='ocrx_word' id='word_1_76' title='bbox 295 603 385 638; x_wconf 86' lang='lat' dir='ltr'>peccator</span> <span class='ocrx_word' id='word_1_77' title='bbox 397 602 416 632; x_wconf 89' lang='lat' dir='ltr'>et</span> <span class='ocrx_word' id='word_1_78' title='bbox 431 599 521 637; x_wconf 85' lang='lat' dir='ltr'>infidelis,</span> <span class='ocrx_word' id='word_1_79' title='bbox 534 608 580 631; x_wconf 90' lang='lat' dir='ltr'>cum</span> <span class='ocrx_word' id='word_1_80' title='bbox 593 598 697 631; x_wconf 85' lang='lat' dir='ltr'>caritatem</span> <span class='ocrx_word' id='word_1_81' title='bbox 711 598 800 631; x_wconf 92' lang='lat' dir='ltr'>divinam</span> <span class='ocrx_word' id='word_1_82' title='bbox 813 608 853 631; x_wconf 92' lang='lat' dir='ltr'>non</span> <span class='ocrx_word' id='word_1_83' title='bbox 868 592 903 631; x_wconf 53' lang='lat' dir='ltr'>ha}</span> 
     </span>
     <span class='ocr_line' id='line_1_10' title="bbox 77 658 903 698; baseline -0.001 -6"><span class='ocrx_word' id='word_1_84' title='bbox 77 661 142 698; x_wconf 74' lang='lat' dir='ltr'>beant,</span> <span class='ocrx_word' id='word_1_85' title='bbox 155 659 265 692; x_wconf 84' lang='lat' dir='ltr'>necessario</span> <span class='ocrx_word' id='word_1_86' title='bbox 278 660 377 692; x_wconf 86' lang='lat' dir='ltr'>ducuntur</span> <span class='ocrx_word' id='word_1_87' title='bbox 390 659 498 698; x_wconf 86' lang='lat' dir='ltr'>cupiditate</span> <span class='ocrx_word' id='word_1_88' title='bbox 510 659 620 696; x_wconf 85' lang='lat' dir='ltr'>mundana;</span> <span class='ocrx_word' id='word_1_89' title='bbox 635 666 679 696; x_wconf 87' lang='lat' dir='ltr'>ergo</span> <span class='ocrx_word' id='word_1_90' title='bbox 691 658 712 689; x_wconf 92' lang='lat' dir='ltr'>in</span> <span class='ocrx_word' id='word_1_91' title='bbox 724 659 778 690; x_wconf 91' lang='lat' dir='ltr'>omni</span> <span class='ocrx_word' id='word_1_92' title='bbox 790 668 847 697; x_wconf 90' lang='lat' dir='ltr'>opere</span> <span class='ocrx_word' id='word_1_93' title='bbox 860 668 903 697; x_wconf 91' lang='lat' dir='ltr'>pec-</span> 
     </span>
     <span class='ocr_line' id='line_1_11' title="bbox 77 723 128 752; baseline -0.02 0"><span class='ocrx_word' id='word_1_94' title='bbox 77 723 128 752; x_wconf 84' lang='lat' dir='ltr'>cant.</span> 
     </span>
    </p>
   </div>
   <div class='ocr_carea' id='block_1_5' title="bbox 79 785 913 2156">
    <p class='ocr_par' dir='ltr' id='par_1_5' title="bbox 79 785 907 1305">
     <span class='ocr_line' id='line_1_12' title="bbox 126 785 904 825; baseline -0.004 -6"><span class='ocrx_word' id='word_1_95' title='bbox 126 787 182 825; x_wconf 86' lang='lat' dir='ltr'>Resp.</span> <span class='ocrx_word' id='word_1_96' title='bbox 193 786 307 824; x_wconf 81' lang='lat' dir='ltr'>Negandum</span> <span class='ocrx_word' id='word_1_97' title='bbox 318 790 347 819; x_wconf 91' lang='lat' dir='ltr'>est</span> <span class='ocrx_word' id='word_1_98' title='bbox 358 786 483 825; x_wconf 89' lang='lat' dir='ltr'>suppositum</span> <span class='ocrx_word' id='word_1_99' title='bbox 492 786 554 817; x_wconf 90' lang='lat' dir='ltr'>totius</span> <span class='ocrx_word' id='word_1_100' title='bbox 565 785 748 823; x_wconf 80' lang='lat' dir='ltr'>argumentationis.</span> <span class='ocrx_word' id='word_1_101' title='bbox 759 785 840 817; x_wconf 89' lang='lat' dir='ltr'>Falsum</span> <span class='ocrx_word' id='word_1_102' title='bbox 851 785 904 816; x_wconf 93' lang='lat' dir='ltr'>enim</span> 
     </span>
     <span class='ocr_line' id='line_1_13' title="bbox 79 845 905 885; baseline -0.004 -6"><span class='ocrx_word' id='word_1_103' title='bbox 79 851 108 879; x_wconf 90' lang='lat' dir='ltr'>est</span> <span class='ocrx_word' id='word_1_104' title='bbox 123 847 225 878; x_wconf 89' lang='lat' dir='ltr'>hominem</span> <span class='ocrx_word' id='word_1_105' title='bbox 239 847 315 879; x_wconf 84' lang='lat' dir='ltr'>iustum</span> <span class='ocrx_word' id='word_1_106' title='bbox 329 856 406 885; x_wconf 88' lang='lat' dir='ltr'>semper</span> <span class='ocrx_word' id='word_1_107' title='bbox 420 854 475 884; x_wconf 79' lang='lat' dir='ltr'>agere</span> <span class='ocrx_word' id='word_1_108' title='bbox 491 856 515 877; x_wconf 92' lang='lat' dir='ltr'>ex</span> <span class='ocrx_word' id='word_1_109' title='bbox 530 846 613 877; x_wconf 89' lang='lat' dir='ltr'>caritate</span> <span class='ocrx_word' id='word_1_110' title='bbox 629 853 674 883; x_wconf 84' lang='lat' dir='ltr'>erga</span> <span class='ocrx_word' id='word_1_111' title='bbox 689 845 760 884; x_wconf 87' lang='lat' dir='ltr'>Deum;</span> <span class='ocrx_word' id='word_1_112' title='bbox 777 855 824 877; x_wconf 90' lang='lat' dir='ltr'>nam</span> <span class='ocrx_word' id='word_1_113' title='bbox 840 847 905 883; x_wconf 91' lang='lat' dir='ltr'>potest</span> 
     </span>
     <span class='ocr_line' id='line_1_14' title="bbox 79 905 905 945; baseline -0.002 -6"><span class='ocrx_word' id='word_1_114' title='bbox 79 916 157 945; x_wconf 88' lang='lat' dir='ltr'>peccare</span> <span class='ocrx_word' id='word_1_115' title='bbox 172 906 284 939; x_wconf 86' lang='lat' dir='ltr'>mortaliter</span> <span class='ocrx_word' id='word_1_116' title='bbox 298 911 317 939; x_wconf 91' lang='lat' dir='ltr'>et</span> <span class='ocrx_word' id='word_1_117' title='bbox 332 907 423 939; x_wconf 88' lang='lat' dir='ltr'>amittere</span> <span class='ocrx_word' id='word_1_118' title='bbox 437 906 546 943; x_wconf 84' lang='lat' dir='ltr'>caritatem,</span> <span class='ocrx_word' id='word_1_119' title='bbox 561 908 580 937; x_wconf 93' lang='lat' dir='ltr'>et</span> <span class='ocrx_word' id='word_1_120' title='bbox 595 907 660 944; x_wconf 90' lang='lat' dir='ltr'>potest</span> <span class='ocrx_word' id='word_1_121' title='bbox 673 914 752 943; x_wconf 86' lang='lat' dir='ltr'>peccare</span> <span class='ocrx_word' id='word_1_122' title='bbox 767 905 872 937; x_wconf 83' lang='lat' dir='ltr'>venialiter</span> <span class='ocrx_word' id='word_1_123' title='bbox 886 907 905 937; x_wconf 90' lang='lat' dir='ltr'>et</span> 
     </span>
     <span class='ocr_line' id='line_1_15' title="bbox 80 964 905 999; baseline -0.001 -1"><span class='ocrx_word' id='word_1_124' title='bbox 80 976 159 999; x_wconf 90' lang='lat' dir='ltr'>manere</span> <span class='ocrx_word' id='word_1_125' title='bbox 173 967 193 998; x_wconf 91' lang='lat' dir='ltr'>in</span> <span class='ocrx_word' id='word_1_126' title='bbox 208 966 296 999; x_wconf 85' lang='lat' dir='ltr'>caritate.</span> <span class='ocrx_word' id='word_1_127' title='bbox 312 967 377 999; x_wconf 78' lang='lat' dir='ltr'>Manet</span> <span class='ocrx_word' id='word_1_128' title='bbox 392 966 445 998; x_wconf 91' lang='lat' dir='ltr'>enim</span> <span class='ocrx_word' id='word_1_129' title='bbox 460 966 478 998; x_wconf 87' lang='lat' dir='ltr'>ei</span> <span class='ocrx_word' id='word_1_130' title='bbox 493 965 578 997; x_wconf 91' lang='lat' dir='ltr'>liberum</span> <span class='ocrx_word' id='word_1_131' title='bbox 594 964 699 997; x_wconf 85' lang='lat' dir='ltr'>arbitrium</span> <span class='ocrx_word' id='word_1_132' title='bbox 715 964 740 997; x_wconf 90' lang='lat' dir='ltr'>ad</span> <span class='ocrx_word' id='word_1_133' title='bbox 755 965 830 998; x_wconf 94' lang='lat' dir='ltr'>bonum</span> <span class='ocrx_word' id='word_1_134' title='bbox 846 968 865 997; x_wconf 90' lang='lat' dir='ltr'>et</span> <span class='ocrx_word' id='word_1_135' title='bbox 881 965 905 997; x_wconf 89' lang='lat' dir='ltr'>ad</span> 
     </span>
     <span class='ocr_line' id='line_1_16' title="bbox 80 1024 905 1065; baseline -0.001 -7"><span class='ocrx_word' id='word_1_136' title='bbox 80 1027 161 1059; x_wconf 89' lang='lat' dir='ltr'>malum.</span> <span class='ocrx_word' id='word_1_137' title='bbox 177 1026 279 1065; x_wconf 79' lang='lat' dir='ltr'>Similiter,</span> <span class='ocrx_word' id='word_1_138' title='bbox 294 1027 328 1065; x_wconf 86' lang='lat' dir='ltr'>qui</span> <span class='ocrx_word' id='word_1_139' title='bbox 343 1036 383 1058; x_wconf 90' lang='lat' dir='ltr'>non</span> <span class='ocrx_word' id='word_1_140' title='bbox 400 1026 459 1058; x_wconf 92' lang='lat' dir='ltr'>habet</span> <span class='ocrx_word' id='word_1_141' title='bbox 474 1025 583 1063; x_wconf 88' lang='lat' dir='ltr'>caritatem,</span> <span class='ocrx_word' id='word_1_142' title='bbox 600 1024 651 1057; x_wconf 91' lang='lat' dir='ltr'>liber</span> <span class='ocrx_word' id='word_1_143' title='bbox 665 1027 732 1056; x_wconf 84' lang='lat' dir='ltr'>manet</span> <span class='ocrx_word' id='word_1_144' title='bbox 749 1028 768 1057; x_wconf 86' lang='lat' dir='ltr'>et</span> <span class='ocrx_word' id='word_1_145' title='bbox 785 1028 849 1064; x_wconf 88' lang='lat' dir='ltr'>potest</span> <span class='ocrx_word' id='word_1_146' title='bbox 866 1035 905 1057; x_wconf 95' lang='lat' dir='ltr'>non</span> 
     </span>
     <span class='ocr_line' id='line_1_17' title="bbox 80 1085 905 1125; baseline -0.002 -6"><span class='ocrx_word' id='word_1_147' title='bbox 80 1097 164 1125; x_wconf 84' lang='lat' dir='ltr'>peccare,</span> <span class='ocrx_word' id='word_1_148' title='bbox 181 1087 239 1125; x_wconf 83' lang='lat' dir='ltr'>idque</span> <span class='ocrx_word' id='word_1_149' title='bbox 256 1096 277 1119; x_wconf 80' lang='lat' dir='ltr'>eo</span> <span class='ocrx_word' id='word_1_150' title='bbox 293 1087 362 1124; x_wconf 74' lang='lat' dir='ltr'>magis,</span> <span class='ocrx_word' id='word_1_151' title='bbox 379 1087 396 1118; x_wconf 89' lang='lat' dir='ltr'>si</span> <span class='ocrx_word' id='word_1_152' title='bbox 412 1086 476 1124; x_wconf 80' lang='lat' dir='ltr'>gratia</span> <span class='ocrx_word' id='word_1_153' title='bbox 493 1086 560 1117; x_wconf 89' lang='lat' dir='ltr'>divina</span> <span class='ocrx_word' id='word_1_154' title='bbox 577 1085 687 1123; x_wconf 81' lang='lat' dir='ltr'>adiuvatur,</span> <span class='ocrx_word' id='word_1_155' title='bbox 704 1094 754 1123; x_wconf 84' lang='lat' dir='ltr'>quae</span> <span class='ocrx_word' id='word_1_156' title='bbox 770 1085 905 1124; x_wconf 82' lang='lat' dir='ltr'>peccatoribus</span> 
     </span>
     <span class='ocr_line' id='line_1_18' title="bbox 80 1145 906 1185; baseline -0.001 -7"><span class='ocrx_word' id='word_1_157' title='bbox 80 1156 120 1179; x_wconf 92' lang='lat' dir='ltr'>non</span> <span class='ocrx_word' id='word_1_158' title='bbox 136 1149 225 1185; x_wconf 84' lang='lat' dir='ltr'>negatur.</span> <span class='ocrx_word' id='word_1_159' title='bbox 242 1146 303 1178; x_wconf 90' lang='lat' dir='ltr'>Sicuti</span> <span class='ocrx_word' id='word_1_160' title='bbox 321 1146 401 1178; x_wconf 88' lang='lat' dir='ltr'>habitus</span> <span class='ocrx_word' id='word_1_161' title='bbox 417 1146 506 1178; x_wconf 87' lang='lat' dir='ltr'>caritatis</span> <span class='ocrx_word' id='word_1_162' title='bbox 522 1155 562 1177; x_wconf 94' lang='lat' dir='ltr'>non</span> <span class='ocrx_word' id='word_1_163' title='bbox 579 1145 689 1177; x_wconf 87' lang='lat' dir='ltr'>necessario</span> <span class='ocrx_word' id='word_1_164' title='bbox 707 1146 728 1176; x_wconf 89' lang='lat' dir='ltr'>in</span> <span class='ocrx_word' id='word_1_165' title='bbox 746 1155 824 1178; x_wconf 90' lang='lat' dir='ltr'>omnem</span> <span class='ocrx_word' id='word_1_166' title='bbox 841 1148 906 1177; x_wconf 88' lang='lat' dir='ltr'>actum</span> 
     </span>
     <span class='ocr_line' id='line_1_19' title="bbox 81 1205 907 1245; baseline -0.001 -7"><span class='ocrx_word' id='word_1_167' title='bbox 81 1208 162 1239; x_wconf 88' lang='lat' dir='ltr'>influere</span> <span class='ocrx_word' id='word_1_168' title='bbox 177 1207 239 1244; x_wconf 87' lang='lat' dir='ltr'>debet,</span> <span class='ocrx_word' id='word_1_169' title='bbox 254 1206 283 1239; x_wconf 90' lang='lat' dir='ltr'>ita</span> <span class='ocrx_word' id='word_1_170' title='bbox 298 1216 360 1245; x_wconf 87' lang='lat' dir='ltr'>neque</span> <span class='ocrx_word' id='word_1_171' title='bbox 375 1206 455 1238; x_wconf 89' lang='lat' dir='ltr'>habitus</span> <span class='ocrx_word' id='word_1_172' title='bbox 470 1205 585 1244; x_wconf 83' lang='lat' dir='ltr'>cupiditatis</span> <span class='ocrx_word' id='word_1_173' title='bbox 599 1207 693 1242; x_wconf 83' lang='lat' dir='ltr'>terrenae,</span> <span class='ocrx_word' id='word_1_174' title='bbox 709 1205 726 1236; x_wconf 91' lang='lat' dir='ltr'>si</span> <span class='ocrx_word' id='word_1_175' title='bbox 741 1206 802 1237; x_wconf 88' lang='lat' dir='ltr'>talem</span> <span class='ocrx_word' id='word_1_176' title='bbox 817 1208 907 1244; x_wconf 90' lang='lat' dir='ltr'>peccator</span> 
     </span>
     <span class='ocr_line' id='line_1_20' title="bbox 81 1267 214 1305; baseline -0.008 -6"><span class='ocrx_word' id='word_1_177' title='bbox 81 1267 214 1305; x_wconf 83' lang='lat' dir='ltr'>acquisiverit.</span> 
     </span>
    </p>

    <p class='ocr_par' dir='ltr' id='par_1_6' title="bbox 82 1331 908 1490">
     <span class='ocr_line' id='line_1_21' title="bbox 154 1331 907 1374; baseline -0.003 -10"><span class='ocrx_word' id='word_1_178' title='bbox 154 1332 171 1369; x_wconf 87' lang='grc'>6)</span> <span class='ocrx_word' id='word_1_179' title='bbox 184 1332 243 1364; x_wconf 88' lang='lat' dir='ltr'>Actus</span> <span class='ocrx_word' id='word_1_180' title='bbox 254 1332 318 1364; x_wconf 91' lang='lat' dir='ltr'>bonus</span> <span class='ocrx_word' id='word_1_181' title='bbox 330 1332 386 1363; x_wconf 88' lang='lat' dir='ltr'>dehet</span> <span class='ocrx_word' id='word_1_182' title='bbox 396 1332 499 1363; x_wconf 89' lang='lat' dir='ltr'>ordinatus</span> <span class='ocrx_word' id='word_1_183' title='bbox 510 1341 551 1363; x_wconf 86' lang='lat' dir='ltr'>esse</span> <span class='ocrx_word' id='word_1_184' title='bbox 563 1332 583 1362; x_wconf 91' lang='lat' dir='ltr'>in</span> <span class='ocrx_word' id='word_1_185' title='bbox 594 1331 656 1374; x_wconf 88' lang='lat' dir='ltr'>Deum</span> <span class='ocrx_word' id='word_1_186' title='bbox 667 1331 725 1362; x_wconf 83' lang='lat' dir='ltr'>finem</span> <span class='ocrx_word' id='word_1_187' title='bbox 736 1331 839 1369; x_wconf 87' lang='lat' dir='ltr'>ultimum;</span> <span class='ocrx_word' id='word_1_188' title='bbox 852 1332 907 1370; x_wconf 82' lang='lat' dir='ltr'>atqui</span> 
     </span>
     <span class='ocr_line' id='line_1_22' title="bbox 82 1391 908 1430; baseline -0.002 -6"><span class='ocrx_word' id='word_1_189' title='bbox 82 1393 167 1424; x_wconf 90' lang='lat' dir='ltr'>intidelis</span> <span class='ocrx_word' id='word_1_190' title='bbox 181 1402 221 1424; x_wconf 90' lang='lat' dir='ltr'>non</span> <span class='ocrx_word' id='word_1_191' title='bbox 233 1395 299 1430; x_wconf 87' lang='lat' dir='ltr'>potest</span> <span class='ocrx_word' id='word_1_192' title='bbox 312 1394 377 1424; x_wconf 90' lang='lat' dir='ltr'>actum</span> <span class='ocrx_word' id='word_1_193' title='bbox 390 1401 449 1424; x_wconf 89' lang='lat' dir='ltr'>suum</span> <span class='ocrx_word' id='word_1_194' title='bbox 463 1392 554 1423; x_wconf 89' lang='lat' dir='ltr'>ordinare</span> <span class='ocrx_word' id='word_1_195' title='bbox 568 1391 589 1422; x_wconf 95' lang='lat' dir='ltr'>in</span> <span class='ocrx_word' id='word_1_196' title='bbox 604 1391 674 1428; x_wconf 90' lang='lat' dir='ltr'>Deum;</span> <span class='ocrx_word' id='word_1_197' title='bbox 689 1398 733 1428; x_wconf 86' lang='lat' dir='ltr'>ergo</span> <span class='ocrx_word' id='word_1_198' title='bbox 748 1401 772 1423; x_wconf 88' lang='lat' dir='ltr'>ex</span> <span class='ocrx_word' id='word_1_199' title='bbox 786 1391 864 1423; x_wconf 81' lang='lat' dir='ltr'>defectu</span> <span class='ocrx_word' id='word_1_200' title='bbox 878 1391 908 1422; x_wconf 96' lang='lat' dir='ltr'>in-</span> 
     </span>
     <span class='ocr_line' id='line_1_23' title="bbox 82 1452 517 1490; baseline -0.002 -6"><span class='ocrx_word' id='word_1_201' title='bbox 82 1453 178 1484; x_wconf 89' lang='lat' dir='ltr'>tentionis</span> <span class='ocrx_word' id='word_1_202' title='bbox 192 1454 247 1484; x_wconf 88' lang='lat' dir='ltr'>actus</span> <span class='ocrx_word' id='word_1_203' title='bbox 260 1453 302 1484; x_wconf 86' lang='lat' dir='ltr'>eius</span> <span class='ocrx_word' id='word_1_204' title='bbox 316 1462 393 1490; x_wconf 86' lang='lat' dir='ltr'>semper</span> <span class='ocrx_word' id='word_1_205' title='bbox 404 1455 434 1483; x_wconf 90' lang='lat' dir='ltr'>est</span> <span class='ocrx_word' id='word_1_206' title='bbox 447 1452 517 1483; x_wconf 91' lang='lat' dir='ltr'>malus.</span> 
     </span>
    </p>

    <p class='ocr_par' dir='ltr' id='par_1_7' title="bbox 83 1516 913 2156">
     <span class='ocr_line' id='line_1_24' title="bbox 132 1516 909 1556; baseline -0.003 -6"><span class='ocrx_word' id='word_1_207' title='bbox 132 1518 188 1556; x_wconf 86' lang='lat' dir='ltr'>Resp.</span> <span class='ocrx_word' id='word_1_208' title='bbox 201 1518 251 1549; x_wconf 89' lang='lat' dir='ltr'>Dist.</span> <span class='ocrx_word' id='word_1_209' title='bbox 264 1519 320 1550; x_wconf 79' lang='lat' dir='ltr'>mai:</span> <span class='ocrx_word' id='word_1_210' title='bbox 336 1518 393 1550; x_wconf 90' lang='lat' dir='ltr'>debet</span> <span class='ocrx_word' id='word_1_211' title='bbox 406 1518 497 1556; x_wconf 80' lang='lat' dir='ltr'>explicite</span> <span class='ocrx_word' id='word_1_212' title='bbox 512 1517 600 1549; x_wconf 90' lang='lat' dir='ltr'>ordinari</span> <span class='ocrx_word' id='word_1_213' title='bbox 615 1517 635 1548; x_wconf 94' lang='lat' dir='ltr'>in</span> <span class='ocrx_word' id='word_1_214' title='bbox 651 1517 718 1555; x_wconf 85' lang='lat' dir='ltr'>Deum,</span> <span class='ocrx_word' id='word_1_215' title='bbox 733 1524 791 1555; x_wconf 82' lang='lat' dir='ltr'>nego;</span> <span class='ocrx_word' id='word_1_216' title='bbox 807 1516 909 1555; x_wconf 84' lang='lat' dir='ltr'>implicite,</span> 
     </span>
     <span class='ocr_line' id='line_1_25' title="bbox 83 1576 909 1617; baseline -0.004 -7"><span class='ocrx_word' id='word_1_217' title='bbox 83 1581 181 1617; x_wconf 88' lang='lat' dir='ltr'>quatenus</span> <span class='ocrx_word' id='word_1_218' title='bbox 191 1578 273 1616; x_wconf 89' lang='lat' dir='ltr'>ponitur</span> <span class='ocrx_word' id='word_1_219' title='bbox 281 1581 304 1615; x_wconf 86' lang='lat' dir='ltr'>ut</span> <span class='ocrx_word' id='word_1_220' title='bbox 313 1578 421 1610; x_wconf 78' lang='lat' dir='ltr'>conformis</span> <span class='ocrx_word' id='word_1_221' title='bbox 432 1587 477 1609; x_wconf 88' lang='lat' dir='ltr'>eum</span> <span class='ocrx_word' id='word_1_222' title='bbox 486 1586 556 1609; x_wconf 90' lang='lat' dir='ltr'>norma</span> <span class='ocrx_word' id='word_1_223' title='bbox 566 1576 683 1614; x_wconf 87' lang='lat' dir='ltr'>honestatis,</span> <span class='ocrx_word' id='word_1_224' title='bbox 693 1577 801 1609; x_wconf 86' lang='lat' dir='ltr'>secundum</span> <span class='ocrx_word' id='word_1_225' title='bbox 812 1576 909 1608; x_wconf 84' lang='lat' dir='ltr'>dictamen</span> 
     </span>
     <span class='ocr_line' id='line_1_26' title="bbox 84 1636 910 1676; baseline -0.001 -7"><span class='ocrx_word' id='word_1_226' title='bbox 84 1638 222 1676; x_wconf 88' lang='lat' dir='ltr'>conscientiae,</span> <span class='ocrx_word' id='word_1_227' title='bbox 237 1647 289 1670; x_wconf 90' lang='lat' dir='ltr'>conc.</span> <span class='ocrx_word' id='word_1_228' title='bbox 305 1639 370 1670; x_wconf 87' lang='lat' dir='ltr'>Minor</span> <span class='ocrx_word' id='word_1_229' title='bbox 384 1640 449 1676; x_wconf 87' lang='lat' dir='ltr'>potest</span> <span class='ocrx_word' id='word_1_230' title='bbox 464 1637 582 1676; x_wconf 89' lang='lat' dir='ltr'>simpliciter</span> <span class='ocrx_word' id='word_1_231' title='bbox 597 1637 673 1675; x_wconf 77' lang='lat' dir='ltr'>negari3</span> <span class='ocrx_word' id='word_1_232' title='bbox 689 1646 736 1668; x_wconf 93' lang='lat' dir='ltr'>nam</span> <span class='ocrx_word' id='word_1_233' title='bbox 751 1637 836 1668; x_wconf 84' lang='lat' dir='ltr'>infidelis</span> <span class='ocrx_word' id='word_1_234' title='bbox 851 1636 910 1668; x_wconf 86' lang='lat' dir='ltr'>habet</span> 
     </span>
     <span class='ocr_line' id='line_1_27' title="bbox 84 1696 910 1736; baseline -0.002 -6"><span class='ocrx_word' id='word_1_235' title='bbox 84 1699 115 1730; x_wconf 90' lang='lat' dir='ltr'>vel</span> <span class='ocrx_word' id='word_1_236' title='bbox 126 1700 191 1736; x_wconf 87' lang='lat' dir='ltr'>potest</span> <span class='ocrx_word' id='word_1_237' title='bbox 200 1698 273 1730; x_wconf 90' lang='lat' dir='ltr'>habere</span> <span class='ocrx_word' id='word_1_238' title='bbox 283 1699 416 1736; x_wconf 83' lang='lat' dir='ltr'>cognitionem</span> <span class='ocrx_word' id='word_1_239' title='bbox 426 1698 467 1729; x_wconf 85' lang='lat' dir='ltr'>veri</span> <span class='ocrx_word' id='word_1_240' title='bbox 477 1698 511 1729; x_wconf 90' lang='lat' dir='ltr'>Dei</span> <span class='ocrx_word' id='word_1_241' title='bbox 522 1700 540 1729; x_wconf 88' lang='lat' dir='ltr'>et</span> <span class='ocrx_word' id='word_1_242' title='bbox 551 1698 578 1729; x_wconf 91' lang='lat' dir='ltr'>sic</span> <span class='ocrx_word' id='word_1_243' title='bbox 588 1707 627 1728; x_wconf 92' lang='lat' dir='ltr'>non</span> <span class='ocrx_word' id='word_1_244' title='bbox 640 1696 763 1735; x_wconf 89' lang='lat' dir='ltr'>impossibile</span> <span class='ocrx_word' id='word_1_245' title='bbox 774 1698 792 1729; x_wconf 91' lang='lat' dir='ltr'>ei</span> <span class='ocrx_word' id='word_1_246' title='bbox 804 1700 833 1729; x_wconf 82' lang='lat' dir='ltr'>est</span> <span class='ocrx_word' id='word_1_247' title='bbox 845 1701 910 1729; x_wconf 88' lang='lat' dir='ltr'>actum</span> 
     </span>
     <span class='ocr_line' id='line_1_28' title="bbox 85 1756 911 1797; baseline -0.001 -7"><span class='ocrx_word' id='word_1_248' title='bbox 85 1759 177 1797; x_wconf 82' lang='lat' dir='ltr'>explicite</span> <span class='ocrx_word' id='word_1_249' title='bbox 195 1758 267 1790; x_wconf 85' lang='lat' dir='ltr'>referre</span> <span class='ocrx_word' id='word_1_250' title='bbox 284 1759 305 1790; x_wconf 89' lang='lat' dir='ltr'>in</span> <span class='ocrx_word' id='word_1_251' title='bbox 322 1758 393 1795; x_wconf 86' lang='lat' dir='ltr'>Deum;</span> <span class='ocrx_word' id='word_1_252' title='bbox 412 1758 429 1790; x_wconf 90' lang='lat' dir='ltr'>si</span> <span class='ocrx_word' id='word_1_253' title='bbox 446 1760 512 1790; x_wconf 91' lang='lat' dir='ltr'>autem</span> <span class='ocrx_word' id='word_1_254' title='bbox 529 1757 606 1789; x_wconf 90' lang='lat' dir='ltr'>nullam</span> <span class='ocrx_word' id='word_1_255' title='bbox 622 1756 754 1795; x_wconf 82' lang='lat' dir='ltr'>cognitionem</span> <span class='ocrx_word' id='word_1_256' title='bbox 772 1757 807 1789; x_wconf 88' lang='lat' dir='ltr'>Dei</span> <span class='ocrx_word' id='word_1_257' title='bbox 824 1756 911 1795; x_wconf 84' lang='lat' dir='ltr'>haberet,</span> 
     </span>
     <span class='ocr_line' id='line_1_29' title="bbox 85 1816 911 1857; baseline -0.001 -7"><span class='ocrx_word' id='word_1_258' title='bbox 85 1828 125 1850; x_wconf 90' lang='lat' dir='ltr'>non</span> <span class='ocrx_word' id='word_1_259' title='bbox 139 1821 189 1850; x_wconf 88' lang='lat' dir='ltr'>esset</span> <span class='ocrx_word' id='word_1_260' title='bbox 203 1818 245 1850; x_wconf 87' lang='lat' dir='ltr'>sine</span> <span class='ocrx_word' id='word_1_261' title='bbox 259 1819 339 1857; x_wconf 87' lang='lat' dir='ltr'>propria</span> <span class='ocrx_word' id='word_1_262' title='bbox 352 1818 416 1856; x_wconf 87' lang='lat' dir='ltr'>culpa,</span> <span class='ocrx_word' id='word_1_263' title='bbox 431 1818 484 1849; x_wconf 91' lang='lat' dir='ltr'>etin</span> <span class='ocrx_word' id='word_1_264' title='bbox 499 1817 635 1855; x_wconf 88' lang='lat' dir='ltr'>suppositione</span> <span class='ocrx_word' id='word_1_265' title='bbox 647 1816 695 1849; x_wconf 89' lang='lat' dir='ltr'>talis</span> <span class='ocrx_word' id='word_1_266' title='bbox 709 1816 833 1855; x_wconf 80' lang='lat' dir='ltr'>ignorantiae</span> <span class='ocrx_word' id='word_1_267' title='bbox 846 1819 911 1849; x_wconf 85' lang='lat' dir='ltr'>actum</span> 
     </span>
     <span class='ocr_line' id='line_1_30' title="bbox 86 1876 912 1917; baseline -0.002 -7"><span class='ocrx_word' id='word_1_268' title='bbox 86 1879 166 1917; x_wconf 87' lang='lat' dir='ltr'>quidem</span> <span class='ocrx_word' id='word_1_269' title='bbox 179 1888 218 1910; x_wconf 88' lang='lat' dir='ltr'>non</span> <span class='ocrx_word' id='word_1_270' title='bbox 231 1880 298 1916; x_wconf 88' lang='lat' dir='ltr'>posset</span> <span class='ocrx_word' id='word_1_271' title='bbox 312 1878 404 1917; x_wconf 85' lang='lat' dir='ltr'>explicite</span> <span class='ocrx_word' id='word_1_272' title='bbox 419 1878 439 1909; x_wconf 89' lang='lat' dir='ltr'>in</span> <span class='ocrx_word' id='word_1_273' title='bbox 454 1878 516 1909; x_wconf 89' lang='lat' dir='ltr'>Deum</span> <span class='ocrx_word' id='word_1_274' title='bbox 531 1877 608 1909; x_wconf 80' lang='lat' dir='ltr'>reterre.</span> <span class='ocrx_word' id='word_1_275' title='bbox 624 1877 660 1909; x_wconf 91' lang='lat' dir='ltr'>Sed</span> <span class='ocrx_word' id='word_1_276' title='bbox 673 1876 752 1910; x_wconf 83' lang='lat' dir='ltr'>etiamsi</span> <span class='ocrx_word' id='word_1_277' title='bbox 766 1887 806 1909; x_wconf 91' lang='lat' dir='ltr'>non</span> <span class='ocrx_word' id='word_1_278' title='bbox 820 1877 912 1915; x_wconf 86' lang='lat' dir='ltr'>explicite</span> 
     </span>
     <span class='ocr_line' id='line_1_31' title="bbox 87 1930 912 1977; baseline -0.001 -7"><span class='ocrx_word' id='word_1_279' title='bbox 87 1939 171 1970; x_wconf 79' lang='lat' dir='ltr'>retertur</span> <span class='ocrx_word' id='word_1_280' title='bbox 181 1939 202 1969; x_wconf 92' lang='lat' dir='ltr'>in</span> <span class='ocrx_word' id='word_1_281' title='bbox 213 1938 281 1977; x_wconf 82' lang='lat' dir='ltr'>Deum,</span> <span class='ocrx_word' id='word_1_282' title='bbox 292 1940 347 1970; x_wconf 89' lang='lat' dir='ltr'>actus</span> <span class='ocrx_word' id='word_1_283' title='bbox 358 1940 423 1976; x_wconf 86' lang='lat' dir='ltr'>potest</span> <span class='ocrx_word' id='word_1_284' title='bbox 433 1947 475 1969; x_wconf 87' lang='lat' dir='ltr'>esse</span> <span class='ocrx_word' id='word_1_285' title='bbox 485 1930 586 1975; x_wconf 86' lang='lat' dir='ltr'>honestus,</span> <span class='ocrx_word' id='word_1_286' title='bbox 596 1937 613 1969; x_wconf 95' lang='lat' dir='ltr'>si</span> <span class='ocrx_word' id='word_1_287' title='bbox 624 1937 683 1969; x_wconf 93' lang='lat' dir='ltr'>homo</span> <span class='ocrx_word' id='word_1_288' title='bbox 695 1937 802 1969; x_wconf 89' lang='lat' dir='ltr'>secundum</span> <span class='ocrx_word' id='word_1_289' title='bbox 814 1939 912 1969; x_wconf 89' lang='lat' dir='ltr'>dictamen</span> 
     </span>
     <span class='ocr_line' id='line_1_32' title="bbox 87 1997 913 2036; baseline -0.002 -6"><span class='ocrx_word' id='word_1_290' title='bbox 87 1998 219 2031; x_wconf 83' lang='lat' dir='ltr'>conscientiae</span> <span class='ocrx_word' id='word_1_291' title='bbox 232 1998 278 2036; x_wconf 82' lang='lat' dir='ltr'>agit.</span> <span class='ocrx_word' id='word_1_292' title='bbox 291 1998 340 2030; x_wconf 89' lang='lat' dir='ltr'>Nam</span> <span class='ocrx_word' id='word_1_293' title='bbox 354 1998 374 2029; x_wconf 93' lang='lat' dir='ltr'>in</span> <span class='ocrx_word' id='word_1_294' title='bbox 388 1998 425 2029; x_wconf 89' lang='lat' dir='ltr'>hac</span> <span class='ocrx_word' id='word_1_295' title='bbox 438 1998 479 2035; x_wconf 80' lang='lat' dir='ltr'>lege</span> <span class='ocrx_word' id='word_1_296' title='bbox 492 1998 512 2029; x_wconf 96' lang='lat' dir='ltr'>in</span> <span class='ocrx_word' id='word_1_297' title='bbox 526 1997 583 2029; x_wconf 83' lang='lat' dir='ltr'>corde</span> <span class='ocrx_word' id='word_1_298' title='bbox 596 1997 686 2029; x_wconf 89' lang='lat' dir='ltr'>omnium</span> <span class='ocrx_word' id='word_1_299' title='bbox 699 1997 804 2029; x_wconf 91' lang='lat' dir='ltr'>hominum</span> <span class='ocrx_word' id='word_1_300' title='bbox 817 1997 913 2036; x_wconf 87' lang='lat' dir='ltr'>inscripta</span> 
     </span>
     <span class='ocr_line' id='line_1_33' title="bbox 86 2043 911 2095; baseline -0.001 -5"><span class='ocrx_word' id='word_1_301' title='bbox 86 2059 229 2090; x_wconf 81' lang='lat' dir='ltr'>manifestatur</span> <span class='ocrx_word' id='word_1_302' title='bbox 241 2060 334 2090; x_wconf 86' lang='lat' dir='ltr'>voluntas</span> <span class='ocrx_word' id='word_1_303' title='bbox 348 2059 388 2090; x_wconf 89' lang='lat' dir='ltr'>Dei.</span> <span class='ocrx_word' id='word_1_304' title='bbox 402 2061 420 2089; x_wconf 90' lang='lat' dir='ltr'>et</span> <span class='ocrx_word' id='word_1_305' title='bbox 434 2058 492 2089; x_wconf 88' lang='lat' dir='ltr'>homo</span> <span class='ocrx_word' id='word_1_306' title='bbox 506 2057 613 2088; x_wconf 82' lang='lat' dir='ltr'>seeundum</span> <span class='ocrx_word' id='word_1_307' title='bbox 626 2057 676 2088; x_wconf 87' lang='lat' dir='ltr'>hanc</span> <span class='ocrx_word' id='word_1_308' title='bbox 690 2057 752 2095; x_wconf 79' lang='lat' dir='ltr'>legem</span> <span class='ocrx_word' id='word_1_309' title='bbox 767 2043 831 2095; x_wconf 82' lang='lat' dir='ltr'>agens,</span> <span class='ocrx_word' id='word_1_310' title='bbox 846 2058 911 2089; x_wconf 84' lang='lat' dir='ltr'>obedit</span> 
     </span>
     <span class='ocr_line' id='line_1_34' title="bbox 86 2119 304 2156; baseline 0 -6"><span class='ocrx_word' id='word_1_311' title='bbox 86 2120 125 2150; x_wconf 70' lang='lat' dir='ltr'>lteo</span> <span class='ocrx_word' id='word_1_312' title='bbox 137 2121 155 2150; x_wconf 85' lang='lat' dir='ltr'>et</span> <span class='ocrx_word' id='word_1_313' title='bbox 166 2119 206 2156; x_wconf 83' lang='lat' dir='ltr'>agit</span> <span class='ocrx_word' id='word_1_314' title='bbox 216 2119 304 2150; x_wconf 87' lang='lat' dir='ltr'>honeste.</span> 
     </span>
    </p>
   </div>
   <div class='ocr_carea' id='block_1_6' title="bbox 135 2268 355 2428">
    <p class='ocr_par' dir='ltr' id='par_1_8' title="bbox 135 2268 355 2428">
     <span class='ocr_line' id='line_1_35' title="bbox 135 2268 337 2306; baseline 0.01 -8"><span class='ocrx_word' id='word_1_315' title='bbox 135 2272 162 2293; x_wconf 72' lang='lat'>186</span> <span class='ocrx_word' id='word_1_316' title='bbox 176 2268 241 2306; x_wconf 88' lang='lat' dir='ltr'>Pesch‚</span> <span class='ocrx_word' id='word_1_317' title='bbox 255 2279 284 2301; x_wconf 88' lang='lat' dir='ltr'>nr.</span> <span class='ocrx_word' id='word_1_318' title='bbox 297 2270 337 2300; x_wconf 72' lang='lat'>144.</span> 
     </span>
     <span class='ocr_line' id='line_1_36' title="bbox 135 2329 320 2367; baseline 0.054 -14"><span class='ocrx_word' id='word_1_319' title='bbox 135 2332 162 2354; x_wconf 75' lang='lat' dir='ltr'>isr</span> <span class='ocrx_word' id='word_1_320' title='bbox 177 2329 221 2367; x_wconf 82' lang='lat' dir='ltr'>Pag.</span> <span class='ocrx_word' id='word_1_321' title='bbox 236 2329 320 2362; x_wconf 67' lang='lat' dir='ltr'>sauata</span> 
     </span>
     <span class='ocr_line' id='line_1_37' title="bbox 136 2389 355 2428; baseline 0.005 -9"><span class='ocrx_word' id='word_1_322' title='bbox 136 2393 162 2414; x_wconf 71' lang='lat'>188</span> <span class='ocrx_word' id='word_1_323' title='bbox 176 2390 202 2421; x_wconf 88' lang='lat' dir='ltr'>De</span> <span class='ocrx_word' id='word_1_324' title='bbox 215 2389 251 2420; x_wconf 83' lang='lat' dir='ltr'>fide</span> <span class='ocrx_word' id='word_1_325' title='bbox 265 2390 314 2428; x_wconf 84' lang='lat' dir='ltr'>disp.</span> <span class='ocrx_word' id='word_1_326' title='bbox 328 2390 355 2420; x_wconf 86' lang='lat'>17.</span> 
     </span>
    </p>
   </div>
   <div class='ocr_carea' id='block_1_7' title="bbox 0 0 1000 3093">
    <p class='ocr_par' dir='ltr' id='par_1_9' title="bbox 0 0 1000 3093">
     <span class='ocr_line' id='line_1_38' title="bbox 0 0 1000 3093; baseline 0 0"><span class='ocrx_word' id='word_1_327' title='bbox 0 0 1000 3093; x_wconf 95' lang='lat' dir='ltr'> </span> 
     </span>
    </p>
   </div>
  </div>
 </body>
</html>
