1952 3093
467 21 588 60 -210-

116 148 248 188 cognoscant
258 146 359 187 parentes
371 155 417 180 esse
428 143 555 186 diligendos,
568 146 587 180 et
597 144 654 187 quod
666 144 707 180 hoc
719 146 802 179 tantum
813 143 840 180 iis
851 144 940 190 placeat,

116 221 141 253 ut
155 216 218 254 etiam
235 216 260 253 de
276 216 333 252 facto
348 227 385 252 eos
400 219 479 253 ament.
492 215 607 258 Videretur
622 219 742 252 monstrum
758 226 804 252 esse
819 215 891 259 homo,
906 220 940 255 cui

117 284 235 326 secundum
246 298 381 324 communem
393 299 479 324 cursum
490 288 671 324 naturaenullum
682 287 763 324 honum
772 287 887 324 honestum
898 290 921 331 pl
935 313 941 317 -

118 363 185 404 ceret3
196 361 263 397 multo
274 360 345 397 minus
353 360 396 397 tale
406 360 459 404 quid
469 359 570 396 affinnari
581 363 651 403 potest
663 359 688 397 de
698 362 742 397 toto
753 369 831 403 genere
840 359 941 399 humano.

118 432 213 469 Pertinet
231 432 257 469 ad
273 432 433 474 providentiam
452 432 578 468 naturaliter
596 431 697 474 debitam,
714 434 737 468 ut
753 431 837 468 homini
854 431 942 470 veniant

119 503 260 547 cogitationes
275 513 381 546 congruae
397 507 418 540 et
433 514 476 540 non
491 504 559 540 solum
575 503 713 546 incongruae.
729 503 760 540 lta
775 512 824 546 ergo
841 503 941 546 cogitatio

119 585 213 619 congrua
228 579 261 612 est
275 575 364 619 aliquid,
379 575 437 619 quod
452 575 548 618 perfecie
562 576 620 612 intra
635 575 734 612 ordinem
749 586 807 611 mere
823 576 941 614 naturalem

119 647 248 690 continetur,
263 650 307 683 tum
320 648 392 691 quoad
406 646 553 690 substantiam,
567 650 611 683 turn
625 647 697 691 quoad
710 646 799 684 modum
811 658 854 690 quo
867 639 942 685 oritur.

119 717 177 755 Haec
189 721 259 755 autem
271 718 373 761 cogitatio
385 728 480 762 congrua
493 718 564 755 debita
575 721 607 755 est
619 728 662 755 non
673 718 744 755 solum
756 719 829 761 generi
842 719 942 763 humano,

120 789 233 826 sedetiam
246 789 319 833 aliqua
330 789 414 827 ratione
426 789 517 833 singulis
530 789 658 826 individuis.

172 860 203 897 Ex
216 873 241 898 eo
253 872 311 904 vero,
323 861 405 905 quoda
417 861 461 898 Deo
473 864 546 903 petere
557 872 672 904 possumus
684 861 825 904 cogitationes
836 872 942 905 congruas

120 938 141 970 et
151 944 191 976 pro
203 932 248 970 illis
258 934 278 970 ei
290 934 370 977 gratias
382 942 451 976 agere,
463 943 507 970 non
520 933 622 976 sequitur,
635 936 658 969 ut
671 934 714 970 sint
725 933 806 976 gratiae
819 944 883 970 sensu
895 945 943 977 pio-

120 1005 179 1050 prio;
195 1006 311 1043 nonenim
325 1004 397 1042 omnia
412 1016 467 1049 quae
483 1016 494 1042 a
509 1005 554 1043 Deo
569 1005 614 1048 peti
629 1008 650 1042 et
664 1015 705 1048 pro
720 1005 798 1049 quibus
813 1006 894 1049 gratiae
909 1008 942 1049 agi

120 1080 217 1122 possunt,
230 1078 311 1115 hahent
323 1078 429 1114 rationem
441 1077 523 1121 gratiae
535 1088 599 1114 sensu
612 1077 709 1120 proprio.
721 1077 752 1114 lta
766 1080 836 1120 potest
849 1078 897 1122 quis
909 1089 943 1121 pe-

120 1153 165 1186 tere
178 1149 292 1187 sanitatem
305 1153 325 1187 et
336 1150 377 1186 alia
391 1149 447 1187 bona
461 1149 558 1193 physica,
572 1160 626 1193 quae
639 1153 709 1186 tamen
724 1153 839 1193 propterea
852 1160 895 1187 non
910 1151 943 1187 de-

120 1221 172 1258 bent
187 1232 231 1258 esse
246 1222 321 1265 gratia.

174 1298 254 1336 Verum
266 1302 300 1335 est
314 1299 387 1335 omnia
402 1299 424 1335 in
442 1300 550 1341 praesenti
567 1299 643 1336 ordine
658 1299 808 1342 Providentiae
824 1298 897 1342 aliqua
913 1309 944 1334 ra-

121 1372 179 1407 tione
191 1371 290 1407 ordinari
300 1371 387 1408 tandem
399 1370 517 1414 aliquando
531 1371 633 1407 adfinem
646 1372 838 1415 supernaturalem,
851 1371 874 1406 id
887 1371 943 1414 quod

122 1442 185 1478 etiam
196 1442 253 1479 valet
265 1442 291 1479 de
302 1442 433 1486 cogitatione
444 1447 545 1485 congrua.
558 1443 599 1480 Sed
612 1443 676 1479 sicuti
688 1446 803 1486 propterea
815 1452 859 1479 non
872 1442 944 1478 omnia

121 1513 226 1550 beneficia
240 1514 279 1550 Dei
293 1519 342 1551 sunt
356 1514 431 1557 gratia,
446 1525 499 1557 quae
514 1525 539 1550 ex
553 1514 636 1550 meritis
652 1513 732 1551 Christi
748 1514 816 1556 datur,
832 1514 861 1550 ita
876 1523 944 1557 neque

122 1585 224 1627 cogitatio
240 1595 341 1628 congrua,

176 1657 233 1699 Quae
249 1656 307 1693 dicta
322 1660 372 1692 sunt
387 1658 457 1692 valent
473 1657 498 1693 de
512 1657 642 1699 cogitatione
658 1659 752 1699 congrua
766 1667 830 1693 sensu
845 1657 883 1693 illo
899 1657 945 1693 uni-

122 1728 201 1765 versali
216 1728 248 1764 uti
266 1728 387 1765 doctrinam
404 1738 464 1765 suam
480 1729 554 1765 statuit
568 1728 675 1772 vazquez;
692 1728 728 1764 his
741 1730 813 1765 tamen
830 1738 874 1765 non
891 1727 944 1764 affir-

121 1803 192 1836 matur
203 1799 356 1843 cogitationem
366 1808 484 1843 congruam
493 1809 602 1844 nunquam
616 1800 662 1837 dari
674 1804 711 1837 aut
723 1799 770 1836 dari
781 1799 845 1843 posse
856 1802 946 1843 propter

121 1871 198 1908 merita
211 1871 300 1915 Christi·⁷
314 1872 356 1909 hoc
369 1871 460 1909 concedi
471 1874 548 1915 potest,
560 1875 584 1908 nt
598 1871 674 1909 Suarez
689 1872 748 1915 dicit,
762 1872 780 1908 si
794 1872 831 1909 illa
843 1871 945 1915 cogitatio

122 1953 216 1987 congrua
230 1943 368 1987 aliquomodo
382 1943 488 1981 advitam
502 1947 610 1981 aeternam
625 1944 733 1986 conducit,
747 1945 791 1981 sive
804 1955 844 1987 per
858 1955 886 1986 se,
900 1944 944 1980 sive

123 2027 162 2058 per
180 2016 288 2058 accidens,
313 2015 445 2053 removendo
471 2015 595 2060 prohibens¹
621 2028 638 2052 e.
656 2026 686 2060 gr.
711 2016 852 2059 impediendo
871 2026 946 2059 pecca-

123 2092 167 2124 tum
175 2091 209 2123 ²14.

175 2160 206 2197 De
220 2160 327 2197 sententia
340 2161 362 2197 P.
376 2159 510 2203 Ripaldu215.
525 2160 549 2196 ln
563 2171 601 2197 suo
616 2171 681 2204 opere
695 2173 705 2195 «
714 2161 745 2197 De
758 2164 806 2197 ente
821 2164 945 2203 supernatu-

123 2232 162 2268 rali
172 2244 183 2266 »
191 2236 218 2256 21⁶
234 2232 264 2268 ita
281 2233 364 2269 statuit:
384 2232 584 2275 «Quotiescumque
597 2232 664 2269 homo
678 2232 723 2275 agit
738 2233 797 2276 quod
814 2232 855 2269 sihi
872 2232 944 2269 datum

123 2307 159 2340 est.
176 2307 198 2339 ut
216 2307 286 2340 actum
303 2304 388 2340 virtutis
406 2304 524 2340 naturalem
542 2304 625 2346 efficiat,
643 2305 685 2341 iam
702 2304 777 2341 adesse
795 2304 946 2341 antecedenter

171 2498 198 2519 21*
212 2495 239 2526 De
250 2497 294 2532 tota
303 2494 340 2527 hac
351 2495 468 2534 quaestione
477 2495 522 2528 vide
533 2495 610 2533 Suarez,
621 2495 649 2527 De
658 2494 728 2535 gratia,
739 2495 752 2527 i.
762 2496 771 2527 1
784 2506 799 2527 c.
810 2497 832 2527 12
843 2505 867 2527 ss.

173 2557 198 2579 ΕΝ]
213 2554 284 2586 Fusius
298 2554 322 2587 de
337 2564 360 2587 ca
374 2554 470 2594 disputat,
486 2555 585 2588 atterendo
600 2558 620 2587 et
635 2555 762 2588 diiudicando
776 2555 864 2587 rationes
878 2565 912 2593 pro
929 2558 947 2586 et

125 2617 192 2646 contra
207 2614 306 2652 Palmieri‚
319 2614 347 2646 De
360 2614 423 2653 gratia
437 2614 516 2653 actuali,
529 2623 571 2653 pag,
586 2615 671 2648 254268.

173 2677 199 2698 ²1⁶
212 2673 266 2712 Disp.
278 2674 300 2705 20
313 2676 357 2706 sect.
371 2674 386 2706 2.
