1952 3093
410 26 532 65 -161-

59 155 125 196 tacto;
140 162 184 190 non
196 154 268 189 utrum
282 151 325 189 hoc
338 151 366 188 sit
379 162 406 188 ex
420 153 497 188 natura
511 151 543 188 rei
557 161 584 188 an
599 161 625 187 ex
639 150 734 194 positiva
747 150 885 188 ordinatione

60 225 139 266 divina.

111 303 259 340 Adversantur
277 302 329 339 huic
347 302 403 339 thesi
422 302 531 345 imprimis
549 302 658 345 pelagiani
676 305 697 339 et
715 301 887 345 semipelagiani.

60 379 74 415 P
82 388 92 413 e
100 376 107 412 1
115 386 127 412 a
135 375 163 419 gi
171 386 183 412 a
191 386 205 412 n
213 375 221 412 i
244 374 358 420 (Pelagius,
372 373 496 419 Caelestius,
509 374 613 416 Iulianus)
622 377 640 399 ⁵⁸
652 374 725 412 verbis
738 374 827 419 quidem
841 382 887 417 gra-

60 451 111 487 tiam
124 447 219 492 aliquam
234 446 332 484 divinam
346 446 490 491 affirmabant;
506 446 563 485 Deus
579 446 637 484 enim
652 447 736 484 homini
752 446 812 484 dedit
827 449 887 483 natu-

60 531 105 559 ram
120 529 187 563 suam,
200 518 292 557 liberam
307 519 446 563 voluntatem,
459 521 481 556 et
495 518 528 556 sic
543 519 563 555 ei
578 519 670 556 contulit
684 530 748 562 posse
764 519 836 556 facere
851 518 887 555 bo-

60 603 117 634 num,
131 592 222 635 implere
234 591 343 634 mandata,
355 591 424 627 vitare
436 593 559 635 peccatum;
573 590 615 628 hoc
628 601 691 634 posse
705 600 755 635 ergo
767 601 811 627 non
825 602 837 627 a
850 601 888 627 no-

60 665 100 707 bis,
115 663 178 701 seda
193 663 238 700 Deo
251 665 292 709 est;
306 672 358 706 ergo
373 662 448 707 gratia.
462 662 521 699 Velle
537 662 616 700 deinde
632 666 652 700 et
667 663 753 706 operari
768 662 887 699 seeundum

62 747 96 775 eos
111 735 199 773 anobis
214 738 251 773 est.
265 735 379 773 Praeterea
393 735 450 772 Deus
465 735 525 772 dedit
538 735 614 779 legem,
630 735 758 779 doctrinam,
773 738 793 772 et
807 735 838 772 ita
851 735 888 771 ho-

62 808 156 846 minibus
173 808 274 852 ostendit,
292 808 346 852 quid
362 807 433 845 iacere
452 807 548 845 debeant
565 807 624 851 (ergo
640 808 709 852 gratia
727 807 830 849 externa).
847 807 888 844 Per

61 883 117 918 hanc
129 880 220 924 gratiam
232 884 342 917 externam
355 880 440 917 homiui
451 880 538 918 facilius
550 880 650 917 redditur
661 880 733 918 facere
745 880 769 917 id
781 880 840 925 quod
853 883 889 917 de-

61 954 97 991 het
108 953 187 991 tacere.
196 952 274 990 Utrum
286 955 362 996 postea
372 952 482 997 pelagiani
494 952 585 996 gratiam
596 952 705 990 internam
717 952 840 990 intellectus
853 951 889 989 ad-

62 1025 167 1068 miserint,
183 1025 314 1069 disputatur;
331 1028 390 1062 certo
407 1028 477 1061 autem
493 1035 540 1061 eam
556 1036 600 1061 non
616 1025 750 1062 admiserunt
764 1024 792 1062 ad
806 1024 889 1068 simpli·

62 1098 116 1134 citer
124 1108 195 1140 posse,
207 1097 245 1135 sed
257 1097 285 1134 ad
296 1097 383 1133 facilius
395 1107 465 1139 posse.
478 1096 573 1134 Gratiam
585 1097 693 1134 internam
705 1097 824 1133 voluntatis
836 1106 890 1133 sem-

62 1180 101 1212 per
113 1171 251 1212 negaverunt,
263 1179 312 1205 eum
326 1169 428 1212 componi
441 1179 485 1206 non
498 1172 571 1212 posset
583 1180 631 1206 cum
643 1169 713 1207 libero
727 1168 826 1206 arbitrio.
840 1167 890 1205 Cae-

62 1240 147 1278 lestius:
164 1239 206 1278 «Si
217 1240 273 1276 nibil
287 1249 325 1283 ago
339 1240 419 1284 absque
431 1241 471 1277 Dei
484 1240 571 1284 auxilio,
584 1243 605 1278 et
616 1252 657 1284 per
667 1240 751 1284 singula
765 1251 832 1283 opera
843 1241 889 1276 eius

64 1315 95 1350 est
106 1322 170 1350 omne
181 1313 239 1357 quod
251 1322 344 1356 gessero,
357 1322 407 1356 ergo
419 1323 463 1350 non
476 1323 514 1356 ego
527 1313 565 1357 qui
575 1313 657 1358 laboro,
671 1312 709 1350 sed
721 1312 761 1349 Dei
773 1313 842 1349 inme
856 1322 890 1348 co-

5 1407 7 1409 ·
64 1385 177 1423 ronabitur
189 1385 300 1430 auxilium,
315 1385 437 1430 frustraque
451 1384 511 1423 dedit
525 1384 610 1423 arbitrii
624 1388 758 1429 potestatem,
773 1395 838 1429 quarn
852 1385 890 1421 im-

64 1459 123 1501 plere
137 1468 181 1494 non
194 1468 289 1502 possum,
302 1457 345 1494 nisi
360 1458 408 1502 ipse
421 1469 455 1495 me
468 1469 553 1501 semper
567 1458 681 1495 adiuverit.
694 1458 818 1494 Destruitur
832 1458 890 1494 enim

64 1530 163 1567 voluntas
180 1541 234 1574 quae
253 1530 340 1567 alterius
359 1541 400 1573 ope
419 1530 508 1573 indiget.
527 1530 568 1567 Sed
585 1530 678 1567 liberum
697 1530 757 1567 dedit
776 1530 891 1567 arbitrium

64 1602 127 1645 Deus,
144 1602 203 1646 quod
219 1602 282 1639 aliter
298 1602 391 1639 liberum
408 1613 452 1638 non
469 1605 506 1645 est,
524 1602 567 1639 nisi
584 1602 655 1639 fecero
673 1602 732 1646 quod
749 1602 891 1640 volueroail.

65 1673 171 1711 Iulianus:
190 1686 200 1709 «
209 1674 307 1711 Libertas
323 1674 415 1718 arbitrii,
428 1685 470 1718 qua
485 1685 497 1711 a
511 1674 556 1711 Deo
572 1675 720 1717 emancipatus
734 1677 766 1711 est
780 1674 852 1717 homo,
868 1674 890 1710 in

66 1745 194 1782 admittendi
204 1746 289 1788 peccati
300 1749 320 1782 et
330 1746 454 1782 abstinendi
464 1757 476 1783 a
485 1749 575 1788 peccato
585 1746 729 1789 possibilitate
739 1747 840 1782 consistit
847 1758 858 1780 a>
867 1750 891 1783 ⁶¹2

118 1822 180 1860 Sem
188 1823 217 1866 ip
226 1823 252 1859 el
260 1823 328 1866 agia
336 1833 349 1858 11
358 1823 365 1858 i
374 1852 378 1867 ,
400 1823 446 1860 sive
458 1823 604 1860 massilienses
621 1822 751 1866 (Cassianus,
763 1823 892 1860 Vincentius

66 1893 193 1937 Lirinensis,
207 1894 333 1936 Faustuslffl‘
346 1894 497 1932 necessitatem
510 1894 591 1938 gratiae
606 1894 634 1931 ad
648 1897 708 1931 actus
723 1895 828 1931 salutares
842 1904 892 1931 con-

66 1968 99 2003 tra
113 1966 238 2011 pelagianos
254 1966 343 2004 omnino
360 1966 515 2012 defendebant3
530 1967 637 2011 negabant
653 1969 724 2004 tamen
741 1966 891 2004 necessitatem

66 2038 147 2082 gratiae
158 2038 272 2083 speciatim
285 2039 313 2077 ad
324 2042 385 2077 actus
396 2039 434 2084 qui
447 2039 582 2079 constituunt
595 2039 702 2076 «initium
713 2039 765 2077 fidei
773 2051 792 2077 ».
805 2039 893 2076 Proces-

68 2121 104 2147 sus
115 2111 276 2149 iustificationis
288 2112 412 2156 comparari
424 2114 496 2155 potest
508 2123 557 2149 cum
570 2112 682 2149 sanatione
694 2111 791 2149 hominis
805 2112 894 2156 aegroti.

70 2182 157 2221 Sanatio
170 2184 218 2227 ipsa
232 2187 264 2221 est
278 2184 347 2221 solum
362 2194 374 2221 a
389 2184 475 2222 medico
489 2188 509 2221 et
523 2184 602 2221 mediis
617 2195 671 2228 quae
686 2183 784 2222 medicus
799 2183 895 2228 praebet.

70 2253 111 2291 Sed
124 2257 172 2293 ante
186 2255 327 2299 sanationem,
340 2259 363 2293 ut
374 2255 472 2293 medicus
484 2256 577 2299 incipiat
590 2266 638 2292 eum
650 2266 733 2299 sanare,
747 2258 846 2300 aegrotus
861 2256 895 2293 de-

68 2324 104 2362 bet
115 2337 231 2370 agnoscere
241 2337 301 2364 suam
312 2327 429 2371 miseriam,
440 2327 547 2365 confidere
558 2328 581 2364 in
592 2327 678 2364 medico
689 2328 778 2372 eiusque
790 2328 893 2365 auxilium

117 2517 134 2539 58
147 2514 195 2546 Vide
208 2523 268 2552 supra
277 2521 320 2553 pag.
333 2514 342 2545 7
354 2523 379 2545 ss.

118 2578 135 2600 5³
149 2574 165 2608 R
178 2574 230 2608 1414.

118 2639 136 2661 ⁶⁰
149 2635 166 2669 R
179 2635 231 2668 1415.

118 2699 134 2720 [³1
149 2696 211 2734 Supra
222 2703 264 2734 pag⁴
276 2696 298 2727 18
310 2705 335 2727 ss.

119 2829 214 2862 Lensenz.
225 2847 250 2852 -
262 2829 290 2862 De
302 2828 370 2861 Gratia
383 2827 526 2866 Redemptoris.
