1952 3093
335 147 337 151 .
394 132 516 168 -213-

96 254 166 291 Verba
183 254 250 292 thesis
268 253 380 298 hucusque
397 252 506 296 explicata
525 252 632 289 affirmant
650 252 722 295 ipsum
740 252 828 294 tactum,
846 261 869 287 in

43 327 130 368 homine
141 327 206 363 talem
217 325 369 370 impotentiam
381 324 484 362 inveniri.
494 324 582 361 Moralis
596 327 666 362 autem
678 324 809 367 impotentia
821 334 870 366 sup-

43 399 105 448 ponit
118 397 254 436 difficultates
267 397 379 442 speciales,
392 408 446 441 quas
458 407 560 441 superare
574 407 618 434 non
631 399 702 440 potest
714 396 786 434 homo.
798 395 870 433 Verba

44 472 110 512 thesis
125 481 180 515 quae
193 473 312 515 sequuntur
324 469 431 513 indicant,
446 469 505 507 unde
519 469 641 506 habeantur
655 469 709 506 istae
726 468 868 512 difficultates,

43 537 77 582 vel
91 544 115 580 in
130 554 173 587 quo
189 543 315 580 consistant.

96 614 234 652 «Tentatioo
251 618 283 652 est
296 613 423 652 sollicitatio
439 614 467 652 ad
482 613 625 660 peccandum,
641 614 674 650 vel
690 613 831 657 impediendo
848 623 868 650 a·

43 693 100 727 etum
109 687 191 724 honum
203 686 334 729 faciendum,
346 687 381 724 vel
391 686 509 724 alliciendo
517 686 547 723 ad
559 689 630 723 actum
641 686 722 722 malum
733 686 868 723 committen-

44 762 103 804 dum;
119 758 189 796 oritur
201 759 235 796 vel
249 758 338 802 abipsa
352 761 429 796 natura
444 761 547 802 corrupta
564 757 752 804 (concupiscentia
765 757 867 801 rebellis),

43 832 75 869 vel
86 842 98 868 a
108 831 196 875 mundo,
208 831 242 868 vel
253 842 266 868 a
276 830 405 868 diabolo221.
416 830 489 867 Potest
500 841 547 868 esse
558 830 649 867 tentatio
659 832 704 867 tum
716 830 743 867 ad
754 832 868 873 peccatum

43 903 138 946 mortale,
153 906 198 940 tum
212 903 241 939 ad
257 903 350 946 ventale3
368 903 391 938 in
406 902 463 940 thesi
478 902 607 945 intel-ligitur
624 902 693 938 solum
710 902 737 939 ad
754 903 868 945 peccatum

43 975 137 1013 mortale.

93 1046 208 1084 «Gravis»
225 1047 263 1083 illa
278 1046 377 1084 tentiatio
392 1025 434 1090 est,¹
447 1057 501 1090 quae
517 1036 616 1102 magnam
633 1049 696 1089 parat
713 1045 867 1083 difficultatem.

41 1120 88 1155 Non
103 1127 153 1161 ergo
167 1119 238 1162 gravis
254 1118 334 1155 dicitur
346 1119 430 1155 ratione
443 1118 523 1155 obiecti
537 1118 565 1155 ad
577 1118 636 1162 quod
650 1118 725 1160 aflicit,
739 1128 764 1155 ac
777 1117 798 1164 si
811 1121 867 1155 esset

42 1191 112 1234 gravis
126 1190 216 1227 tentatio
229 1201 260 1232 ea,
274 1201 328 1234 quae
340 1193 373 1227 est
385 1190 413 1226 ad
426 1193 539 1233 peccatum
552 1191 649 1234 mortale,
662 1190 716 1227 levis
731 1200 823 1233 eaquae
836 1192 867 1226 est

41 1262 68 1317 ad
80 1261 174 1307 veniale;
189 1262 227 1299 sed
240 1264 311 1305 potest
325 1273 370 1299 esse
384 1261 483 1299 tentiatio
496 1262 551 1299 levis
566 1262 593 1298 ad
607 1265 721 1306 peccatum
734 1262 831 1305 mortale,
846 1264 867 1298 et
915 1311 916 1314 Ἴ

41 1334 129 1372 tentatio
137 1334 210 1377 gravis
216 1334 245 1371 ad
254 1337 367 1377 peccatum
377 1334 468 1371 veniale.
477 1334 535 1371 Haec
543 1343 620 1377 magna
631 1333 745 1371 difficultas
754 1334 778 1370 in
788 1345 813 1371 eo
822 1334 866 1377 ple-

21 1425 22 1428 =
41 1416 129 1450 rumque
142 1409 179 1449 est,
192 1406 251 1449 quod
263 1406 402 1443 vehementer
415 1405 497 1443 alliciat
508 1406 535 1442 ad
546 1410 660 1450 peccatum
673 1409 694 1443 et
705 1406 770 1443 simul
784 1397 865 1443 diutius

40 1477 151 1522 perduret;
166 1487 215 1521 ergo
227 1487 304 1521 magna
316 1481 349 1515 est
361 1478 444 1515 ratione
458 1478 590 1515 intensitatis
603 1482 623 1516 et
637 1477 764 1515 durationis.
779 1477 866 1521 «Igitur

40 1550 129 1587 tentatio
140 1550 194 1586 levis
207 1550 293 1594 dicitur,
305 1561 359 1594 quae
370 1551 404 1587 vel
413 1562 441 1588 ex
452 1553 513 1594 parte
523 1551 646 1587 intellectus
656 1561 753 1595 parvam,
765 1550 799 1587 vel
811 1549 865 1586 inei-

39 1621 126 1658 ticacem
138 1621 203 1659 habet
215 1622 344 1665 suasionem,
357 1622 390 1659 vel
403 1633 429 1658 ex
441 1626 503 1665 parte
514 1622 623 1666 appetitus
636 1621 729 1660 debilem
741 1622 865 1659 inclinatio·

40 1704 94 1737 nem,
108 1694 142 1730 vel
157 1694 222 1731 etiam
237 1698 269 1731 est
282 1694 342 1739 levis,
357 1705 411 1739 quae
427 1694 454 1731 ad
469 1697 602 1732 momentum
618 1705 656 1732 seu
669 1694 798 1731 brevissimo
813 1697 865 1731 tem·

39 1775 90 1808 pore
105 1766 173 1809 durat,
185 1766 284 1810 quamvis
298 1766 394 1811 alioquin
408 1767 500 1810 intensa,
515 1778 552 1804 seu
565 1767 681 1804 vehemens
695 1766 803 1811 videatur3
818 1776 864 1810 gra-

39 1837 71 1874 vis
81 1841 152 1875 autem
165 1838 251 1883 dicitur,
263 1849 317 1882 quae
329 1838 472 1881 pertinaciter
483 1839 559 1876 suadet
570 1840 637 1876 multo
648 1842 752 1883 tempore,
764 1841 864 1875 constan-

39 1912 76 1952 ter,
91 1921 117 1947 ac
133 1911 228 1953 moleste,
243 1910 365 1954 poteritque
379 1911 422 1947 hoc
435 1911 499 1948 titulo
513 1911 585 1954 gravis
601 1911 692 1955 censeri,
707 1911 772 1947 etiam
788 1911 808 1947 si
822 1921 863 1954 pro

39 1981 128 2024 singulis
139 1982 273 2025 temporibus
285 1992 329 2019 non
341 1983 369 2019 sit
378 1982 497 2019 admodum
507 1983 629 2026 vehemens,
642 1983 759 2020 dummodo
771 1986 807 2019 aut
818 1993 863 2019 sua·

39 2052 70 2088 sio
85 2054 113 2089 sit
127 2064 167 2096 per
182 2064 204 2090 se
218 2062 302 2098 magna,
317 2058 417 2091 anteum
431 2055 534 2097 passione
549 2055 626 2098 aliqua,
641 2057 661 2091 et
676 2053 819 2091 inclinatione
835 2053 863 2091 sit

39 2124 160 2162 coniuncta.
173 2125 200 2161 Hi
212 2128 283 2162 autem
297 2125 377 2169 gradus
391 2126 534 2163 tentationum
548 2136 592 2163 non
605 2129 697 2170 possunt
711 2128 770 2163 certa
783 2126 863 2170 regula,

38 2196 70 2231 rel
82 2197 150 2239 gradu
164 2196 256 2240 definiri,
271 2198 310 2234 sed
323 2198 427 2240 prudenti
440 2198 531 2235 arbitrio
544 2198 652 2242 pensandi
666 2201 756 2241 suntet
769 2198 862 2235 maxime

38 2268 192 2306 considerandi
207 2272 257 2306 sunt
270 2280 309 2312 per
325 2270 510 2313 comparationem
524 2271 553 2307 ad
569 2281 623 2316 enm,
638 2271 676 2314 qui
692 2273 792 2307 tentatur.
807 2270 862 2307 Nam

38 2339 108 2384 aliqua
119 2341 210 2378 tentatio
221 2341 262 2380 erit
273 2342 344 2385 gravis
356 2342 401 2386 uni,
413 2353 467 2386 quae
478 2342 540 2379 alteri
551 2346 606 2380 esset
617 2343 678 2386 levis,
688 2346 779 2387 propter
790 2343 862 2380 varias

37 2409 110 2449 eorum
128 2414 296 2457 complexiones,
313 2414 407 2457 ingenia,
424 2425 502 2458 mores,
520 2415 553 2452 vel
571 2414 700 2458 doctrinam,
716 2426 770 2458 quae
788 2416 861 2452 omnia

39 2484 181 2524 ponderanda
196 2488 264 2521 sunt»
273 2489 307 2522 ²2².

84 2675 109 2696 221
124 2673 180 2704 Cone.
194 2672 325 2704 tridentinum
340 2683 354 2705 s.
369 2674 384 2710 o,
398 2683 439 2711 cap.
453 2673 483 2711 13;
499 2674 550 2705 Denz
565 2673 608 2712 806;
623 2674 654 2705 luc
669 2675 685 2711 l,
698 2675 717 2711 t;
733 2674 795 2706 llatth
811 2674 827 2712 4,
841 2674 860 2712 3;

38 2728 54 2759 S.
67 2730 101 2763 lh.
115 2733 131 2769 l,
144 2732 154 2763 2
166 2742 184 2771 q.
198 2733 232 2764 144
245 2743 262 2764 a.
275 2733 291 2764 2.

83 2795 109 2815 Ἢ
124 2792 200 2829 Snarez,
213 2792 240 2824 De
253 2794 316 2829 gratia
329 2793 363 2824 lib.
377 2794 392 2830 1,
405 2803 446 2831 cap.
460 2793 481 2825 23
495 2803 524 2824 nr.
537 2794 553 2825 2.
