1952 3093
338 312 357 350 S.
373 312 494 350 Scmrrunn

58 472 133 508 Plures
151 473 221 508 textus
239 469 357 507 concilium
376 469 520 507 tridentinum
540 469 641 506 adduxit:
663 469 675 505 2
695 468 736 506 Cor
754 470 772 512 4,
792 468 828 506 16ῑ

9 546 85 584 «Licet
99 543 125 587 is,
139 543 176 587 qui
191 542 246 580 foris
259 544 299 585 est,
314 544 388 579 noster
402 542 468 579 homo
483 544 646 585 corrumpatur:
664 544 736 578 tamen
750 542 776 585 is,
792 540 830 586 qui

8 621 63 656 intus
74 617 114 659 est,
126 618 243 652 renovatur
255 614 281 651 de
295 614 330 651 die
343 614 367 650 in
380 614 464 651 diem».
476 636 504 640 —-
514 613 575 657 Apoc
587 613 620 660 22,
634 613 669 650 11:
680 625 697 649 ⁴«
706 613 747 656 Qui
760 615 830 656 nocet,

8 689 83 727 noceat
93 687 174 731 adhuc;
186 689 207 723 et
218 686 256 731 qui
267 686 290 722 in
303 685 403 723 sordibus
416 689 454 730 est,
466 685 577 722 sordescat
588 685 669 730 adhuc;
682 687 703 722 et
714 685 752 729 qui
762 686 831 722 iustus

9 764 44 804 est,
63 758 192 795 iustificetur
213 757 326 800 (iustitiam
346 757 419 800 faciat)
440 757 521 802 adhuc;
541 760 562 794 et
579 761 666 794 sanctus
686 756 832 794 sanctificetur

9 833 77 870 adhuc
86 843 104 866 ».
114 853 141 857 —
153 829 213 867 Eccli
226 830 257 873 18,
268 829 305 867 22:
319 829 369 866 «Ne
381 830 477 867 verearis
487 840 555 873 usque
568 830 596 866 ad
607 832 699 866 mortem
711 828 831 872 iustificari,

8 902 109 949 quoniam
126 913 208 939 merces
226 902 265 939 Dei
282 905 356 938 manet
371 902 394 938 in
410 905 550 939 aeternum».
567 901 592 937 ln
608 902 709 938 versione
725 900 774 937 LXX
788 901 831 938 hoc

7 985 70 1013 versu
79 984 149 1011 sermo
160 977 192 1012 est
203 974 229 1011 de
239 974 351 1017 implendo
362 976 419 1019 voto,
429 968 488 1018 quod
498 973 547 1017 quis
557 973 602 1010 Deo
612 973 670 1010 iecit.
680 996 708 1000 —
716 973 752 1010 Iac
762 973 780 1016 2,
792 973 828 1010 24:

8 1046 108 1084 «Videtis
120 1046 223 1090 quoniam
234 1056 259 1083 ex
270 1045 372 1088 operibus
384 1045 513 1082 iustificatur
521 1045 594 1089 homo,
606 1049 627 1083 et
638 1055 682 1082 non
694 1056 720 1082 ex
731 1044 773 1082 fide
785 1048 831 1093 tan7

8 1123 77 1155 tum».
92 1117 150 1154 Haec
164 1118 237 1160 verba,
251 1118 269 1154 si
283 1128 332 1154 curn
347 1117 441 1154 concilio
456 1117 606 1160 intelliguntur
622 1117 648 1154 de
663 1116 766 1161 operibus
781 1120 831 1160 post

7 1189 180 1227 iustificationem
194 1189 264 1233 factis,
279 1188 402 1233 significant
415 1199 455 1233 per
468 1189 520 1226 talia
534 1199 601 1232 opera
614 1189 726 1227 hominem
739 1188 830 1226 ulterius

6 1262 123 1299 iustificari.
138 1262 250 1298 Praeterea
266 1262 329 1299 citari
344 1262 414 1298 solent
427 1272 439 1298 a
453 1261 559 1304 theologis
574 1261 630 1299 Prov
645 1261 663 1306 4,
679 1261 713 1306 18;
730 1262 741 1298 2
756 1260 798 1299 Cor
812 1261 830 1304 9,

7 1334 39 1377 1ος
50 1332 62 1369 2
73 1332 123 1369 Petr
133 1333 151 1376 3,
162 1332 193 1370 18.

372 1558 454 1595 ΡΑΤεεε

59 1715 78 1752 S.
91 1715 237 1752 Hmnonrnus
251 1718 327 1752 contra
339 1715 476 1753 Iovinianum
489 1716 526 1760 qui
539 1716 596 1753 inter
607 1716 652 1752 alia
665 1716 759 1752 dixerat:
776 1729 786 1751 «
795 1726 830 1752 va·

6 1786 38 1823 ria
49 1786 137 1831 quidem
149 1787 219 1824 luctae
232 1796 317 1830 genera,
330 1787 369 1825 sed
381 1798 425 1824 una
439 1798 520 1825 corona
533 1788 641 1825 victorum
655 1791 693 1824 est.
707 1787 767 1824 Inter
778 1798 829 1824 eum

8 1857 95 1895 fratrem
110 1859 147 1902 qui
161 1857 248 1902 'semper
261 1869 310 1895 cum
324 1861 386 1902 patre
400 1860 476 1903 luerat,
490 1862 511 1896 et
525 1859 563 1904 qui
577 1863 653 1902 postea
667 1860 782 1902 poenitens
799 1863 831 1896 θεῖ

8 1932 112 1974 receptus,
128 1931 188 1967 nulla
205 1930 319 1967 diversitas
337 1933 387 1967 est»
405 1931 469 1968 dicit:
489 1932 550 1975 «Qui
567 1942 632 1974 parce
649 1931 748 1975 seminat,
764 1941 830 1975 parce

7 2003 28 2036 et
40 2004 146 2045 metet‚et
158 2003 196 2046 qui
210 2002 302 2039 seminat
313 2002 337 2038 in
350 2003 547 2048 benedictionibus,
564 2003 590 2040 de
604 2002 795 2040 benedictionibus
809 2006 831 2040 et

6 2074 69 2109 metet
76 2076 100 2109 M.
111 2072 173 2111 Certe
181 2073 246 2117 etqui
255 2074 304 2117 plus
313 2078 333 2111 et
342 2075 379 2118 qui
389 2074 461 2111 minus
471 2075 568 2118 seminat,
579 2075 605 2111 de
615 2078 677 2118 parte
686 2078 736 2111 sunt
747 2075 829 2112 dextra.

5 2140 30 2178 Et
44 2154 93 2181 cum
106 2155 173 2181 unum
186 2145 288 2182 sementis
301 2155 369 2189 genus
382 2146 416 2188 sit,
431 2148 502 2182 tamen
515 2156 616 2183 mensura
629 2149 650 2183 et
663 2157 753 2183 numero
768 2146 829 2183 diffe-

6 2217 62 2253 runt.
77 2215 158 2254 Scribit
172 2217 200 2253 ad
214 2216 320 2260 Ephesios
335 2217 393 2255 idern
408 2217 497 2255 Paulus:
514 2218 542 2255 Ut
556 2221 609 2255 nota
622 2217 683 2255 fieret
697 2229 756 2255 nunc
770 2218 829 2261 prin-

7 2285 114 2329 cipatibus
127 2291 147 2325 et
157 2289 299 2332 potestatibus
310 2289 333 2325 in
346 2290 412 2326 caelis
423 2300 463 2333 per
474 2289 600 2333 Ecclesiam,
611 2290 725 2334 multiplex
737 2294 758 2327 et
770 2291 831 2328 varia

6 2358 111 2400 sapientia
123 2360 195 2397 Dei15.
207 2359 283 2398 Cernis
294 2360 353 2405 quod
364 2361 389 2397 in
401 2361 494 2399 diversis
505 2361 627 2405 agminibus
639 2361 756 2405 Ecclesiae,
768 2363 829 2399 varia

6 2431 26 2464 et
40 2430 153 2475 multiplex
169 2431 276 2475 sapientia
291 2432 331 2469 Dei
345 2432 497 2476 praedicetur?
512 2432 602 2470 Necnon
618 2433 641 2470 in
658 2434 733 2486 eadem
749 2435 829 2477 epistu-

5 2498 35 2536 la:
49 2501 172 2547 Unicuique
182 2506 255 2541 autem
268 2506 366 2541 nostrum
379 2504 429 2541 data
442 2508 473 2541 est
485 2504 560 2548 gratia,
572 2505 633 2542 iuxta
645 2516 769 2542 mensuram
783 2515 828 2549 gra-

5 2593 41 2600 *—

52 2654 70 2675 14
83 2653 93 2683 2
106 2653 143 2685 Cor
155 2653 171 2691 5,
183 2653 212 2685 10.

53 2715 70 2737 1⁵
83 2712 125 2752 Eph
137 2713 154 2752 3,
167 2713 195 2746 10.
