1952 3093
468 39 590 79 -330—

109 159 198 203 proprie
214 159 305 202 gratiam
321 159 369 201 Iesu
386 159 473 202 Christi,
490 159 657 202 inspirationem
673 158 776 202 caritatis,
791 170 832 203 qua
850 159 934 213 cognita

109 233 183 268 sancto
194 240 266 267 amore
278 230 393 274 faciamus;
404 231 461 267 hanc
473 242 519 268 esse
529 230 589 267 illam
599 230 702 272 radicem,
713 242 725 267 e
734 241 777 274 qua
786 230 936 274 germinantur

109 301 166 340 bona
180 312 256 346 opera3
271 302 328 340 hane
342 313 388 340 esse
402 302 494 346 gratiam
509 302 564 340 Novi
579 302 718 347 Testamenti,
733 314 788 347 quae
803 313 842 340 nos
858 302 935 340 liberat

109 386 122 412 a
138 374 241 413 servitute
258 375 349 419 peceati,
368 375 482 413 constituit
498 375 554 413 filios
572 369 621 420 Deij.
641 379 745 420 quatenus
764 375 869 419 intendat,
889 386 934 413 eam

110 447 178 486 solam
190 458 238 485 esse
251 448 340 492 proprie
355 448 446 491 gratiam
460 448 510 485 Iesu
524 447 611 492 Christi,
627 459 681 493 quae
696 451 753 485 creet
768 448 793 484 in
807 448 872 486 corde
888 458 935 485 san-

110 523 167 556 ctum
181 531 282 563 amorem,
297 523 317 557 et
330 530 385 563 quae
398 520 456 564 facit,
470 523 494 556 ut
507 520 618 562 faciamus,
632 520 677 556 sive
692 520 763 562 etiam,
777 530 819 563 qua
832 520 897 557 horno
911 519 935 557 li·

109 591 196 628 beratus
211 603 222 628 a
235 591 337 636 servitute
350 592 435 634 peccati
450 592 589 629 constituitur
601 591 659 628 filius
672 591 722 635 Dei;
736 593 757 629 et
770 601 814 628 non
829 590 858 629 sit
871 590 935 628 etiarn

110 662 199 706 proprie
212 663 281 706 gratia
294 661 375 700 Christi
386 674 412 699 ea
425 662 500 706 gratia,
513 673 556 707 qua
569 673 608 699 cor
619 662 716 699 hominis
729 662 825 706 tangitur
837 673 877 705 per
890 662 936 700 illu·

111 734 252 772 minationem
266 735 359 778 Spiritus
373 734 453 778 Sancti,
467 745 507 772 nec
522 746 572 772 vera
587 735 649 772 detur
662 734 754 773 interior
767 735 836 779 gratia
849 734 936 778 Christi,

112 808 147 845 cui
162 807 280 845 resistitur:
297 831 324 835 —
339 808 400 852 falsa,
414 808 517 852 captiosa,
531 808 638 845 inducens
654 808 677 844 in
692 818 788 845 errorem
803 808 826 845 in
842 807 936 845 secunda

111 880 262 924 propositione
285 880 381 917 lansenii
406 880 530 918 damnatum
553 883 576 916 ut
599 880 739 923 haereticum,
763 891 853 924 eumque
876 890 937 916 reno-

111 955 216 989 vapsi>²⁰.

449 1186 469 1224 S.
485 1185 605 1224 Semproni

169 1331 189 1368 ls
204 1323 248 1374 551
265 1342 303 1368 ss:
321 1330 436 1368 «Cantabo
450 1330 529 1368 dilecto
544 1341 592 1367 meo
609 1331 717 1368 canticum
733 1310 837 1373 patruelis
852 1330 895 1367 mei
910 1329 940 1366 vi-

115 1413 168 1440 neae
183 1413 233 1439 suae
250 1402 368 1443 (canticum
384 1402 457 1438 dilecti
473 1402 499 1440 de
514 1402 578 1439 vinea
592 1402 645 1445 sua).
659 1402 728 1439 Vinea
741 1402 798 1439 facta
813 1404 845 1438 est
860 1401 940 1438 dilecto

115 1485 162 1511 meo
175 1474 197 1510 in
211 1484 279 1510 cornu
290 1473 334 1511 filio
348 1473 390 1511 olei
407 1473 438 1515 (in
452 1473 506 1510 colle
519 1473 611 1517 pingui).
624 1473 650 1510 Et
664 1473 743 1517 sepivit
755 1484 809 1517 eam,
822 1475 843 1526 et
855 1472 940 1516 lapides

114 1545 177 1590 elegit
195 1544 299 1587 (abstulit)
317 1556 343 1582 ex
358 1556 389 1589 ea,
405 1548 427 1583 et
440 1545 546 1589 plantavit
560 1557 607 1583 eam
623 1546 712 1583 electam
731 1545 806 1587 (vitem
822 1544 938 1589 selectam),

115 1621 134 1655 et
148 1617 270 1655 aedificavit
282 1617 360 1655 turrim
375 1618 397 1654 in
412 1618 484 1655 medio
499 1618 551 1662 eius,
564 1622 585 1655 et
599 1619 694 1655 torcular
708 1618 815 1655 exstruxit
828 1618 852 1654 in
867 1629 901 1655 ea:
919 1621 939 1654 et

114 1690 248 1734 exspectavit
261 1692 284 1727 ut
297 1689 379 1727 faceret
391 1700 449 1733 uvas,
465 1694 485 1728 et
498 1690 550 1727 lecit
563 1690 681 1727 labruscas.
695 1689 757 1727 Nunc
771 1700 821 1734 ergo
834 1689 939 1727 habitato-

115 1773 149 1800 res
166 1762 289 1807 Ierusalem,
308 1765 328 1799 et
345 1762 388 1798 viri
405 1762 465 1805 Iuda,
482 1762 577 1799 iudicate
595 1763 653 1800 inter
670 1774 704 1798 me
722 1766 743 1798 et
760 1763 847 1799 vineam
863 1772 939 1799 meam.

115 1834 172 1877 Quid
186 1837 218 1871 est
231 1833 292 1878 quod
306 1833 371 1870 debui
384 1834 441 1870 ultra
455 1834 527 1871 facere
540 1833 616 1871 vineae
630 1844 696 1877 meae,
712 1837 736 1871 et>
747 1844 790 1871 non
806 1833 849 1871 feci
865 1833 898 1870 ei‘l
913 1844 939 1870 an

115 1905 173 1949 quod
189 1905 244 1947 (cur)
260 1906 385 1949 exspectavi
399 1908 422 1942 ut
437 1905 518 1942 iaceret
532 1916 590 1949 uvas,
607 1908 627 1942 et
642 1905 694 1942 fecit
708 1888 826 1943 labruscas.
840 1904 867 1942 Et
882 1915 940 1942 nunc

115 1977 228 2015 ostendam
239 1977 301 2015 vobis
314 1977 367 2022 quid
378 1987 416 2020 ego
430 1978 509 2014 faciam
521 1978 597 2015 vineae
609 1989 680 2015 meae:
695 1978 792 2015 auferam
803 1988 877 2021 sepem
888 1977 941 2020 eius,

115 2053 136 2086 et
149 2049 190 2088 erit
201 2049 224 2086 in
239 2049 394 2093 direptionem;
409 2049 494 2087 diruam
507 2050 623 2086 maceriam
638 2050 690 2093 eius,
704 2053 724 2087 et
737 2049 779 2087 erit
791 2049 814 2086 in
829 2049 941 2087 conculca-

116 2122 204 2159 tionem.
218 2120 246 2159 Et
259 2131 340 2165 ponam
354 2132 400 2159 eam
417 2121 534 2159 desertam:
551 2132 594 2159 non
608 2121 726 2166 putabitur,
741 2124 761 2159 et
776 2132 820 2160 non
836 2121 940 2165 fodietur3

117 2197 138 2231 et
151 2193 269 2233 ascendent
283 2204 361 2237 vepres
374 2196 395 2231 et
409 2194 495 2238 spinae;
510 2197 530 2231 et
545 2194 638 2231 nubibus
653 2194 761 2231 mandabo
776 2204 803 2231 ne
817 2193 893 2237 pluant
908 2205 941 2231 su-

116 2276 155 2309 per
167 2276 213 2303 earn
225 2265 323 2303 imbrem.
335 2265 403 2303 Vinea
415 2265 473 2302 enirn
484 2266 573 2302 Domini
585 2266 718 2303 exercituum
731 2266 808 2303 domus
819 2266 885 2303 Israel
897 2268 938 2302 est:

115 2340 136 2374 et
148 2336 183 2374 vir
197 2337 250 2375 Iuda
263 2348 350 2382 germen
365 2338 411 2375 eius
427 2337 560 2374 delectabile.
574 2337 601 2375 Et
615 2338 739 2381 exspectavi
753 2342 777 2375 ut
791 2338 872 2375 taceret
886 2337 941 2375 iudi-

117 2409 181 2453 cium,
195 2412 215 2449 et
230 2420 280 2448 ecce
292 2409 407 2454 iniquitas;
423 2412 444 2446 et
458 2409 563 2446 iustitiam
576 2413 597 2447 et
610 2420 660 2447 ecce
675 2410 783 2447 elamor».

170 2481 221 2521 Sine
241 2481 307 2520 dubio
325 2482 383 2519 Deus
401 2481 475 2519 omnia
495 2481 553 2526 fecit,
572 2493 626 2526 quae
645 2482 792 2527 requiruntur,
811 2485 834 2519 ut
853 2485 942 2526 possent

117 2554 199 2591 tructus
212 2554 278 2598 terre;
291 2554 318 2591 ad
329 2553 383 2591 haec
396 2556 467 2591 autem
477 2553 572 2597 pertinet
581 2554 650 2597 gratia
661 2554 754 2591 interna.
765 2553 823 2591 Haec
835 2556 881 2591 erat
891 2564 941 2591 vere

164 2700 183 2724 2⁰
196 2697 249 2733 Denz
264 2697 316 2731 1521.
