1952 3093
403 71 524 110 —381-

93 190 123 224 Ad
135 190 240 224 solvendas
253 189 373 224 abiectiones
387 190 529 223 attendendum
542 192 578 230 est,
590 190 653 223 Deum
666 199 701 230 per·
713 203 735 223 se
748 199 789 223 non
803 188 875 222 hahere

46 251 152 291 specialem
167 250 327 284 benevolentiam
343 258 389 289 erga
405 260 444 290 eos,
461 252 495 291 qui
511 251 582 285 volunt
598 252 619 284 in
635 254 714 290 peccato
729 260 815 290 manere,
830 259 876 283 eum

45 314 156 352 peccatores
171 311 264 351 deserere,
278 314 385 352 postquam
397 312 437 351 ipsi
450 312 513 344 Deum
528 312 662 351 deseruerunt,
676 311 705 344 eis
720 311 876 345 subtractionem

46 372 121 412 gratiae
136 373 210 406 minari
225 376 245 406 et
260 382 303 406 eam
317 372 378 406 etiam
394 373 422 405 eis
437 372 558 412 subtrahere,
572 373 606 406 sed
620 382 661 405 non
675 373 710 412 ita,
724 375 747 405 ut
761 382 786 405 ne
801 373 876 405 remote

46 433 127 474 quidem
140 433 276 467 sufficientem
289 434 318 466 eis
331 433 432 466 interdum
445 433 565 467 conteratflss.
579 433 629 467 Hinc
643 433 753 473 adtentus,
767 434 802 473 qui
816 442 876 472 oppo-

21 494 22 497 ’
46 496 127 534 nuntur,
141 494 216 528 solutio
231 494 329 533 generalis
344 497 384 527 est:
401 495 450 533 Ergo
466 504 506 527 non
520 494 594 527 hahent
608 495 693 533 gratiam
708 494 844 527 abundantem
857 497 876 526 et

46 555 136 595 proxime
153 554 295 594 sufficientem,
313 556 411 594 transeam
429 564 469 587 non
488 554 559 587 saltem
577 558 652 588 remote
670 554 812 594 sufficientem,
831 554 876 587 dist.

47 625 87 649 non
98 625 180 655 semper,
191 617 289 655 transeat3
301 624 417 655 numquam,
428 623 483 654 nego.
495 615 618 649 obiectiones
630 616 674 648 vide
686 616 738 655 apud
749 625 763 648 s.
774 615 876 654 Thomarn,

48 677 74 709 De
87 677 171 710 veritate
183 686 201 716 q.
213 676 237 709 24
251 678 287 710 art.
301 676 333 715 11;
348 675 421 709 Beraza
434 685 464 708 nr.
476 675 510 708 421
525 685 550 709 ss.

48 885 123 924 Tussis
142 888 177 922 21:
198 887 319 921 Iniideiibus
337 887 440 928 negativis
459 886 535 920 aduitis
553 886 608 920 Deus
624 896 666 921 non
684 889 773 929 denegat
784 886 875 929 gratiam

97 947 237 982 sufficientem
249 947 384 982 adsalutem.

48 1149 183 1192 praedicatio
198 1149 311 1206 evangelii,
325 1151 362 1195 qui
375 1150 469 1194 proinde
484 1151 531 1188 sine
546 1150 637 1195 propria
652 1151 716 1195 culpa
731 1150 788 1187 nihil
803 1150 876 1189 sciunt

49 1221 76 1259 de
89 1222 147 1260 iacto
159 1221 299 1261 revelationis
313 1225 334 1260 et
345 1222 398 1260 hinc
411 1223 458 1261 sine
472 1223 583 1267 personali
598 1224 662 1267 culpa
676 1233 721 1261 non
733 1226 826 1267 possunt
838 1222 875 1260 eli-

48 1305 97 1333 cere
113 1298 185 1333 actum
199 1295 261 1334 fidei.
275 1295 329 1334 Esse
344 1295 498 1334 infidelitatem
514 1296 635 1341 negativam
651 1295 808 1341 inculpabilem
826 1306 875 1335 con·

49 1371 97 1406 stat.
113 1367 165 1406 Pius
181 1368 199 1405 V
217 1368 328 1407 damnavit
344 1368 392 1406 Baii
408 1380 471 1413 prop.
488 1369 524 1408 68:
546 1369 688 1407 «Intidelitas
705 1380 759 1413 pure
776 1369 876 1413 negativa

50 1441 72 1477 in
87 1441 122 1478 his
140 1441 179 1484 (in)
195 1441 273 1486 quibus
287 1440 385 1479 Christus
399 1452 443 1478 non
458 1431 491 1479 est
502 1440 648 1487 praedicatus,
663 1444 777 1486 peceatum
793 1443 876 1479 estate.

50 1512 155 1551 Similiter
171 1513 223 1551 Pius
240 1513 283 1551 lX.:
304 1513 366 1551 «Pro
383 1516 443 1551 certo
459 1514 542 1557 pariter
558 1514 684 1552 habendum
701 1518 739 1558 est,
756 1514 794 1559 qui
812 1524 876 1552 verae

50 1585 162 1630 religionis
179 1586 304 1630 ignorantia
320 1585 426 1630 laborant,
446 1587 464 1624 si
483 1597 508 1624 ea
528 1587 555 1624 sit
574 1585 717 1631 invincibilis,
737 1586 797 1624 nulla
815 1587 876 1631 ipsos

49 1659 156 1704 obstringi
173 1659 263 1697 huiusce
281 1659 313 1697 rei
330 1660 394 1703 culpa
412 1662 462 1697 anie
479 1660 553 1697 oculos
571 1659 711 1698 Domini»4⁰.
728 1660 759 1697 De
777 1660 812 1697 his
830 1669 876 1704 spe-

51 1732 113 1770 cialis
130 1735 229 1770 movetur
245 1732 350 1778 quaestio,
368 1733 420 1777 quia
438 1744 464 1769 ex
482 1744 525 1770 una
543 1735 605 1777 parte
617 1715 681 1770 'fides
700 1743 767 1777 eaque
786 1732 877 1771 actualis

51 1804 152 1842 omnibus
167 1805 247 1842 adultis
261 1805 385 1842 necessaria
398 1809 432 1844 est
446 1809 470 1842 ut
482 1805 612 1848 perveniant
625 1806 654 1843 ad
668 1806 759 1843 salutem
765 1808 790 1848 41,
807 1816 833 1843 ex
849 1805 877 1842 al-

51 1878 96 1914 tera
112 1879 184 1915 autem
199 1879 262 1921 parte
276 1877 322 1914 sine
337 1877 428 1921 propria
444 1878 509 1920 eulpa
522 1878 546 1913 in
563 1877 601 1914 tali
617 1880 673 1914 statu
689 1876 838 1922 inveniuntur,
855 1880 878 1914 ut

50 1949 79 1987 iis
94 1949 184 1987 omnino
200 1949 336 1994 impossibile
353 1950 380 1988 sit
396 1952 468 1987 actum
483 1949 537 1988 fidei
555 1949 642 1995 elicere;
661 1950 693 1987 sie
709 1959 759 1993 ergo
775 1949 878 1987 videntur

51 2033 95 2060 non
107 2023 188 2061 hahere
201 2022 305 2061 auxilium
319 2022 433 2061 sufficiens
448 2026 470 2060 ut
483 2023 569 2067 possint
582 2023 657 2061 venire
671 2022 810 2062 adsalutem.

104 2095 181 2145 Thesis
195 2095 292 2141 loquitur
308 2096 334 2133 de
350 2095 478 2133 infidelibus
494 2096 580 2142 adultis,
597 2095 621 2134 id
638 2098 670 2134 est
685 2095 711 2133 de
727 2095 756 2133 iis
772 2096 811 2141 qui
828 2100 878 2133 sunt

51 2178 142 2211 capaces
157 2171 243 2205 actuum
260 2168 384 2213 moralium
400 2168 451 2212 quia
468 2168 537 2205 solum
554 2168 576 2204 in
594 2168 639 2205 iliis
655 2178 726 2207 sermo
744 2178 790 2205 esse
807 2170 878 2212 potest

52 2240 78 2277 de
94 2239 209 2279 collatione
225 2239 306 2284 gratiae
321 2239 418 2277 actualis.

99 2390 117 2413 ³⁸
129 2386 179 2420 Vide
192 2396 253 2426 supra
265 2386 328 2420 Lessii
341 2386 493 2426 explicationem
506 2385 651 2421 obcaecationis
665 2391 684 2420 et
699 2387 851 2427 explicationem
866 2398 880 2420 a.

53 2446 158 2486 Augustini
173 2446 198 2480 ad
209 2445 269 2480 verba
281 2447 302 2480 Io
315 2446 344 2487 12,
358 2445 386 2480 30.

100 2509 119 2533 ³⁹
130 2506 184 2540 Denz
200 2506 251 2541 1⁰68.

100 2570 118 2592 4⁰
131 2566 184 2599 Denz
200 2566 252 2600 1647.
266 2585 291 2591 —
305 2566 400 2600 lntideles
415 2568 497 2606 positivi
512 2568 527 2600 ii
543 2570 596 2606 aunt,
611 2569 645 2608 qui
661 2569 738 2601 credere
753 2569 833 2608 quidem
847 2579 881 2608 po-

53 2628 140 2667 tuerunt,
153 2626 234 2667 propria
249 2629 315 2661 autem
330 2626 389 2667 culpa
402 2626 480 2661 eredere
493 2627 611 2668 noluerunt;
625 2627 691 2668 quoad
706 2637 739 2662 eos
755 2629 807 2662 idem
822 2628 881 2668 valet,

53 2687 106 2728 qnod
117 2688 242 2728 praecedenti
253 2687 306 2722 thesi
319 2688 394 2722 dictum
408 2691 438 2722 est
452 2676 475 2721 de
486 2687 628 2728 peecatoribus.

101 2748 161 2783 fl'Ci.
174 2748 248 2784 thesim
262 2749 278 2784 6.
291 2757 335 2789 pag.
348 2748 383 2783 135
397 2759 432 2788 aa:
446 2748 475 2783 De
487 2748 597 2784 virtutihus
610 2749 727 2790 theologicis
739 2761 769 2785 nr.
779 2742 817 2785 ’357
831 2761 857 2785 aa.
