1952 3093
428 271 509 309 Parrus

107 419 127 457 S.
140 418 293 458 Aususrrnus:
310 433 320 456 «
328 420 435 458 Turbatus
449 424 480 458 est
492 422 518 458 ah
532 421 565 459 ira
577 422 651 459 oculus
665 433 735 459 meus:
751 426 822 460 utrum
837 433 881 464 sua,

10 499 11 502 ’
55 502 80 530 an
98 492 144 536 Dei,
160 492 183 529 in
199 485 241 537 oua
256 493 311 537 petit
328 504 355 530 ne
373 496 503 538 argueretur,
521 497 557 532 aut
572 495 732 539 corriperetur?
749 494 790 532 Sed
808 495 827 532 si
844 495 881 551 illa

55 565 112 602 diem
123 565 201 602 iudicii
212 565 329 609 significat,
340 566 449 610 quomodo
460 577 518 603 nunc
529 569 600 610 potest
611 567 716 611 intelligi?
726 567 758 604 An
769 567 881 605 inchoatio

56 637 101 675 cius
112 637 217 682 estquod
227 638 264 675 hic
274 637 375 676 homines
387 638 472 676 dolores
483 642 503 676 et
514 641 620 676 tormenta
630 639 748 683 patiuntur,
757 643 778 677 et
788 640 882 676 maxime

56 709 158 746 damnum
174 709 329 753 intelligentiae
346 707 450 753 veritatis,
465 710 521 747 sicut
535 711 578 748 iam
593 712 762 749 commemoravi
777 711 835 756 quod
852 711 882 749 di·

56 783 113 819 ctum
131 784 173 818 est:
192 781 257 819 Dedit
274 781 323 819 illos
341 781 398 819 Deus
415 782 437 818 in
456 775 573 825 reprobum
591 783 723 820 sensuml20.
740 783 794 820 Nam
811 794 835 821 ea
851 786 883 820 est

55 853 148 891 caecitas
161 854 249 897 mentis;
263 854 286 890 in
299 864 346 891 eam
358 854 456 898 quisquis
469 854 531 891 datus
543 854 615 897 tuerit,
629 855 655 892 ab
668 855 771 893 interiore
783 855 823 893 Dei
835 857 883 893 lucc

56 925 181 969 secluditur,
198 926 235 963 sed
253 926 350 963 nondum
367 926 454 969 penitus
473 937 521 963 cum
538 927 560 962 in
577 927 618 963 hac
636 927 680 963 vita
699 930 736 965 est.
754 927 808 965 Sunt
824 927 882 964 enirn

57 997 157 1035 tenebrae
173 998 322 1040 exteriores‘21,
337 1009 391 1041 quae
407 998 474 1042 magis
490 999 517 1035 ad
532 998 589 1035 diem
605 998 683 1036 iudicii
697 999 807 1043 pertinere
822 998 884 1036 intel·

56 1069 158 1113 linuntur,
170 1073 192 1106 ut
204 1069 291 1113 penitus
304 1072 364 1107 extra
377 1070 445 1123 Deum
459 1070 492 1114 sit,
506 1070 611 1115 quisquis,
625 1071 675 1107 dum
689 1074 773 1114 tempus
787 1073 824 1114 est,
838 1081 884 1108 cor-

56 1141 98 1186 rigi
112 1142 212 1186 noluerit,
226 1142 313 1186 penitus
329 1142 387 1180 enim
402 1153 449 1180 esse
463 1145 523 1180 extra
536 1143 604 1181 Deum
620 1142 673 1188 quid
689 1146 726 1188 est,
741 1142 785 1181 nisi
799 1153 848 1192 esse
859 1143 882 1179 in

57 1225 139 1252 summa
153 1214 270 1253 caecitate?
283 1215 390 1260 siquidem
403 1215 461 1253 Deus
473 1215 581 1253 inhabitat
594 1216 664 1254 lucem
678 1215 852 1253 inaccessibilem
860 1219 884 1257 ²2,

57 1298 99 1331 quo
114 1287 267 1331 ingrediuntur
282 1287 361 1332 quibus
377 1287 468 1325 dicitur:
486 1287 546 1324 Intra
561 1288 584 1324 in
600 1288 703 1331 gaudium
716 1287 805 1325 Domini
820 1288 884 1326 tuin.

58 1359 126 1398 Huius
141 1360 207 1404 igitur
223 1360 268 1397 irae
285 1359 396 1398 inchoatio
413 1364 445 1398 est
459 1370 524 1404 quam
540 1360 562 1395 in
579 1360 621 1396 hac
637 1360 682 1397 vita
696 1360 779 1403 patitur
793 1359 884 1407 quisque

58 1435 170 1475 peccator:
184 1432 263 1470 timens
275 1432 347 1477 itaque
358 1431 436 1469 iudicii
449 1432 513 1477 diem,
525 1432 609 1470 laborat
621 1436 641 1470 et
651 1432 741 1477 plangity
751 1442 778 1470 ne
791 1432 819 1470 ad
830 1431 885 1470 illud

58 1505 195 1548 perducatur,
209 1505 270 1542 cuius
282 1504 370 1542 initium
382 1507 425 1541 tam
438 1504 586 1548 perniciosum
598 1515 656 1542 nunc
667 1504 788 1549 experitur;
802 1507 823 1543 et
835 1505 885 1543 ideo

58 1587 102 1614 non
115 1577 180 1615 dixit:
194 1576 319 1614 Exstinctus
332 1580 369 1620 est,
382 1576 426 1620 sed,
438 1576 546 1613 Turbatus
557 1580 589 1614 est
602 1576 628 1614 ab
641 1577 674 1613 ira
686 1577 761 1614 oculus
773 1588 833 1614 meus
842 1590 852 1612 s>
860 1581 886 1611 2⁴.

112 1648 173 1686 <Hic
187 1648 283 1686 occurrit
298 1649 364 1686 altera
379 1649 483 1693 quaestio,
499 1649 525 1686 de
540 1659 582 1692 qua
597 1648 684 1693 quidem
699 1652 723 1686 ut
738 1652 886 1693 competenter

59 1720 142 1766 aliquid
154 1721 281 1764 disputetur,
293 1724 314 1758 et
326 1731 400 1757 omnes
413 1721 459 1758 eius
471 1720 637 1758 latebrosissimi
650 1720 710 1758 sinus
722 1723 886 1764 perscrutentur

60 1795 80 1829 et
90 1793 227 1830 excutiantur
238 1795 262 1830 ut
275 1792 363 1836 dignum
374 1795 411 1835 est,
424 1802 464 1829 nec
476 1803 572 1833 mearum
584 1792 664 1830 virium
675 1804 721 1830 esse
733 1792 833 1835 arbitror,
846 1803 886 1830 nec

59 1854 206 1909 angustiarum
222 1865 333 1909 temporis,
348 1875 389 1901 nec
403 1868 487 1902 vestrae
504 1864 637 1908 capacitatis
653 1865 734 1902 Tamen
751 1865 802 1908 quia
819 1867 887 1901 trans-

59 1936 90 1973 ire
105 1937 133 1974 ad
147 1937 189 1975 alia
203 1940 274 1974 vestra
288 1937 449 1980 exspectatione
464 1947 507 1973 non
523 1935 621 1979 sinimur,
636 1936 679 1973 nisi
693 1936 776 1981 aliquid
789 1936 841 1973 inde
856 1936 887 1973 di-

60 2020 140 2054 camus
156 2009 249 2053 accipite
262 2010 321 2054 quod
334 2009 488 2053 potuerimus...
502 2009 559 2053 Quid
574 2010 673 2046 iecerunt
687 2008 768 2052 Iudaei,
784 2010 818 2046 vel
833 2020 887 2053 quac

61 2082 125 2126 culpa
138 2093 212 2121 eorum
226 2082 274 2125 fuit,
288 2082 306 2119 si
320 2092 407 2119 necesse
422 2084 467 2119 erat
480 2085 503 2118 ut
515 2092 585 2119 sermo
597 2081 666 2119 Isaiae
680 2081 800 2125 prophetae
812 2081 888 2125 imple-

61 2158 120 2192 retur
135 2165 199 2199 quem
217 2155 283 2192 dixit:
302 2155 401 2197 Domine,
419 2154 467 2199 quis
485 2153 580 2191 credidit
596 2153 680 2191 auditui
697 2153 786 2191 nostro‘.t
803 2156 824 2190 et
840 2153 888 2191 bra-

62 2226 135 2264 chium
149 2227 238 2265 Domini
252 2227 287 2264 cui
303 2226 420 2264 revelatum
435 2226 480 2264 est‘?
496 2225 577 2270 Quibus
591 2225 755 2270 respondemus,
770 2225 888 2263 Dominum

61 2299 183 2342 praescium
198 2299 319 2337 futurorum
334 2310 373 2342 per
388 2298 518 2342 Prophetam
534 2298 670 2341 praedixisse
686 2297 840 2335 infidelitatem
855 2298 888 2334 Iu-

110 2471 128 2493 20
141 2467 191 2502 Rom
206 2467 223 2507 1,
239 2467 267 2501 28.

110 2527 205 2563 21Matth
219 2528 249 2568 25,
263 2526 292 2562 30.

111 2592 129 2615 ²²
142 2588 152 2621 1
165 2588 209 2622 Tim
222 2589 238 2629 o,
250 2587 279 2622 16.

111 2652 129 2675 2³
142 2648 206 2683 Matth
218 2649 247 2689 25,
260 2648 289 2682 21.
302 2648 330 2683 23.

112 2713 130 2735 ²4
142 2709 210 2743 Enarr.
221 2709 242 2742 in
253 2709 278 2743 Ps
290 2709 306 2749 6,
317 2708 333 2742 8.
347 2709 367 2749 9;
379 2708 486 2748 1113194
498 2719 513 2742 s.
