1952 3093
403 17 511 54 -71-

49 148 96 181 quo,
111 138 229 174 secundum
245 137 356 181 principia
372 138 441 175 sancti
456 137 576 182 Augustini,
591 139 659 182 gratia
675 149 725 176 vera
742 137 829 182 Christi,
846 141 877 176 est

49 209 180 247 adiutorium
198 221 240 254 quo
257 211 280 247 ln
298 211 352 248 velle
369 214 432 255 atque
449 211 559 255 perficere,
576 215 641 254 prout
658 211 684 248 ab
703 211 812 249 adiutorio
831 211 876 248 sine

49 294 90 327 quo
103 293 146 319 non
159 283 307 327 distinguitur3
321 284 415 328 itemque
427 283 559 321 adiutorium
572 295 615 320 non
629 285 753 328 potentiale,
767 295 809 329 quo
822 284 877 321 velte

50 363 69 393 et
82 352 144 399 agere
156 367 276 399 possumus,
289 357 305 392 si
320 358 425 400 volumus,
439 357 477 394 sed
490 357 607 393 voluntatis
619 360 639 394 et
652 357 751 400 actionis,
764 368 807 402 quo
820 357 877 395 Deus

51 429 102 467 lacit
115 432 137 465 ut
151 428 223 473 reipsa
236 429 326 466 velimus
341 434 361 467 et
375 440 468 474 agamus,
483 432 548 473 prout
562 441 587 467 ea
601 430 648 468 fuse
663 431 707 467 suis
721 429 776 467 locis
791 430 878 469 demon-

50 504 115 539 strata
129 504 187 546 sunt;
200 503 315 545 perspicue
328 505 393 545 patet,
406 502 465 539 istud
479 502 611 539 adiutorium
625 513 670 539 esse
683 503 730 546 tale,
744 506 767 539 ut
781 503 878 540 volunta-

51 579 91 611 tem
108 585 156 611 cum
170 585 303 619 quacumque
319 575 360 612 alia
375 574 444 618 gratia
458 575 480 611 in
496 575 593 618 potentia
609 575 747 612 constitutam
763 576 790 612 ad
807 578 877 612 actum

51 639 168 691 protrahat,
184 658 226 684 non
243 648 260 684 si
275 648 367 684 voluerit
384 647 574 692 (quemadmodum
589 648 670 691 gratiae
683 647 761 684 Adami
777 651 796 685 et
811 647 879 691 Ange-

51 722 244 764 101¹un1,eumqna
259 721 331 763 reipsa
346 723 450 757 steterunt
464 720 486 756 in
500 720 596 762 veritate,
611 720 725 763 proprium
741 720 789 761 luit)
806 720 844 757 sed
859 719 879 757 ei

21 823 24 829 .
52 793 199 831 efficacissime
216 793 341 836 praebendo
357 796 380 829 ut
397 793 455 829 velit.
471 792 519 829 Non
537 793 594 828 enim
612 795 722 836 exspectat
739 795 762 828 ut
780 793 878 829 voluntas

52 877 124 903 secum
139 865 220 907 influat,
238 866 420 909 quemadmodum
436 865 458 901 in
476 864 585 902 adiutorio
602 865 732 908 Angelorum
750 864 814 901 etiam
833 875 879 901 san-

53 942 135 976 ctorum
153 938 271 981 accidebat,
288 948 378 981 quorum
396 938 494 975 voluntas
510 937 539 974 ita
556 937 619 974 fortis
635 940 687 980 erat,
703 940 727 973 ut
742 937 879 981 quemadmo-

54 1013 110 1055 dum,
123 1013 143 1047 et
156 1011 249 1054 quando,
264 1015 283 1047 et
296 1014 400 1054 quantum
412 1010 482 1052 vellet,
495 1012 591 1046 uteretur
605 1012 696 1046 autnon
710 1012 806 1046 uteretur
821 1008 880 1047 adiu-

53 1084 117 1128 tori03
132 1084 169 1120 sed
181 1083 234 1120 tacit
247 1094 319 1120 secum
330 1083 420 1119 influere
432 1083 571 1125 voluntatem,
583 1081 696 1125 applicans
709 1093 755 1118 earn
769 1081 796 1118 ad
808 1081 880 1118 volen-

54 1157 104 1193 dum
120 1156 274 1200 agendumque,
288 1155 394 1200 quicquid
408 1166 448 1198 per
464 1166 510 1191 eam
526 1155 582 1191 Deus
598 1154 715 1191 volendum
732 1153 880 1198 agendumque

54 1228 209 1266 constituerit»
218 1231 242 1266 ³³.

107 1301 277 1338 <Verumtamen
288 1302 365 1339 merito
378 1302 473 1339 dubitari
484 1305 560 1346 potest,
572 1306 644 1339 utrum
656 1302 787 1347 Augustinus
800 1315 824 1340 eo
838 1314 881 1340 nro·

53 1374 80 1410 do
93 1373 225 1411 intellexerit
237 1374 368 1427 incolumem
383 1385 510 1417 permanere
523 1375 651 1419 libertatem,
666 1379 729 1419 atque
742 1376 772 1413 ita
788 1376 880 1413 senserit

55 1445 159 1483 iniluxum
175 1447 255 1489 gratiae
272 1458 320 1484 cum
335 1447 404 1485 lihero
422 1447 512 1484 arbitrio
529 1447 692 1485 conciliandum
709 1459 761 1490 esse,
776 1450 881 1492 quatenus

55 1518 93 1556 suh
110 1519 155 1556 eius
171 1519 267 1557 efficacia
283 1520 439 1557 determinante
456 1521 588 1557 voluntatem
604 1523 627 1557 ut
643 1520 695 1557 velit
712 1523 732 1557 et
747 1523 800 1564 agat,
818 1520 881 1557 simul

55 1594 149 1634 potestas
161 1595 252 1635 maneat,
264 1595 287 1629 ut
300 1602 344 1628 non
356 1592 408 1629 velit
422 1596 442 1629 et
456 1603 499 1629 non
514 1595 571 1635 agat:
587 1592 669 1636 Nempe
681 1595 705 1629 ut
719 1591 832 1629 arbitrium
846 1603 882 1629 vo-

55 1664 143 1701 luntatis
161 1675 185 1701 ea
201 1664 285 1702 ratione
301 1665 394 1702 liberum
413 1665 451 1701 sul)
469 1665 537 1709 gratia
554 1676 600 1702 esse
618 1667 710 1707 censeat,
728 1664 778 1708 quia
797 1675 882 1709 semper

55 1747 93 1779 per
106 1737 196 1780 gratiam
208 1737 237 1774 ita
250 1738 295 1774 vult
307 1741 327 1774 et
340 1737 389 1781 agit,
402 1741 425 1773 ut
436 1737 500 1774 simul
513 1737 582 1781 possit
595 1747 635 1774 neo
648 1737 702 1774 velle
715 1747 755 1773 neo
768 1746 829 1780 agere
838 1741 882 1772 »Ἄ

55 1808 207 1846 Demonstrare
221 1810 266 1846 vult
280 1822 291 1844 «
300 1820 417 1854 numquam
429 1809 571 1852 Augustinum
587 1809 739 1852 respondendo
754 1809 882 1853 pelagianis,

57 1881 82 1918 de
97 1876 175 1919 uiolata
190 1893 229 1925 per
244 1882 334 1925 gratiam
349 1881 449 1919 libertate
464 1881 652 1926 conquerentibus,
667 1881 731 1919 istum
749 1880 882 1919 conciliandi

57 1954 143 1991 modum
156 1954 257 1998 tetigisse,
272 1955 329 1999 quod
343 1954 442 1992 voluntas
456 1954 486 1992 ita
499 1965 539 1998 per
550 1954 641 1998 gratiam
655 1954 707 1990 velit
720 1957 744 1991 ut
756 1953 826 1997 possit
839 1964 883 1992 non

57 2026 117 2070 velle,
134 2026 172 2064 sed
189 2038 274 2070 semper
292 2027 359 2071 illum,
377 2026 435 2070 quod
451 2029 554 2070 operante
571 2025 639 2070 gratia
657 2037 700 2064 non
719 2026 788 2064 instar
805 2026 883 2067 trunci.

57 2109 120 2142 quem
137 2099 193 2136 Deus
212 2102 303 2142 moveat,
321 2100 417 2136 feramur
434 2099 461 2136 ad
478 2099 565 2142 honum,
584 2110 658 2136 verum
676 2100 734 2143 quod
753 2097 822 2142 gratia
840 2108 883 2136 non

58 2164 123 2208 alium
138 2172 268 2216 quempiam,
286 2172 324 2209 sed
341 2183 380 2209 nos
398 2172 457 2215 ipsos
475 2170 541 2209 faciat
556 2171 610 2209 velle
626 2171 685 2216 quod
701 2170 783 2208 honum
801 2173 884 2209 estse.

57 2242 82 2281 Et
95 2244 118 2281 in
130 2244 172 2282 tine
186 2245 264 2288 capitis
279 2244 343 2282 dicit:
360 2257 371 2280 «
380 2255 420 2281 nec
433 2243 495 2282 aliter
508 2243 650 2287 Augustinum
663 2243 756 2280 liberum
771 2243 884 2281 arbitrium

59 2316 182 2360 defendere,
194 2320 214 2354 et
226 2317 367 2355 concordiam
377 2316 488 2361 utriusque
501 2316 592 2359 tradere,
604 2316 646 2353 nisi
660 2315 766 2360 quianon
779 2315 824 2353 sola
838 2315 884 2357 (sol.

58 2389 134 2432 gratia)
147 2390 170 2426 in
183 2390 271 2427 homine
286 2392 393 2433 operatur,
408 2390 445 2426 sed
460 2389 523 2426 etiam
537 2389 636 2426 voluntas
650 2400 675 2425 ex
690 2388 776 2427 nolente
791 2391 811 2425 et
823 2398 886 2432 repu-

106 2567 123 2588 tt
137 2563 177 2596 Col.
193 2564 227 2596 822
243 2574 257 2596 s.

107 2627 125 2649 ³4
138 2624 183 2664 Cap.
199 2625 215 2662 5,
230 2624 265 2657 col.
281 2625 321 2657 825.

107 2688 124 2710 ³⁵
138 2685 178 2718 Col.
193 2684 233 2718 828.
