1952 3093
439 51 560 90 -356—

135 168 183 205 Pari
201 169 247 206 iure
263 171 412 215 discrepamus
427 173 486 209 circa
501 173 592 216 gratiam
607 172 746 210 inefficacem.
761 172 833 210 Primo
850 174 908 210 enim

83 239 174 278 fatemur
186 243 364 288 qualemcumque
377 246 468 289 gratiam
480 246 503 281 in
516 245 558 282 hoc
570 248 632 288 statu,
646 245 691 282 sive
704 255 793 288 parvam
807 241 858 282 sive'
866 257 908 282 ma·

81 322 151 357 gnam,
167 324 213 351 esse
227 316 319 359 gratiam
334 308 421 355 Christi.
436 318 519 355 Deinde
534 316 670 355 defendimus
686 317 734 354 dari
748 317 839 361 gratiam
855 318 908 355 inet-

81 384 176 430 fieacem,
190 388 225 424 cui
241 388 341 426 uoluntas
356 389 444 427 resistit.
459 390 489 427 Ac
503 390 590 427 tandem
605 400 644 434 per
660 390 751 434 gratiam
767 389 908 427 sufficientem

82 458 129 495 dari
143 458 206 496 nobis
222 463 349 515 potestatem
364 463 469 505 implendi
486 463 560 499 divina
573 462 681 505 mandata,
696 472 785 507 eamque
800 473 873 500 veram
889 466 908 500 et

82 531 200 575 propriam,
216 531 253 569 sed
269 543 312 570 non
328 534 400 572 taliter
413 534 507 571 validam
523 537 543 571 et
558 533 687 578 expeditam,
702 538 725 571 ut
740 534 768 571 ad
782 534 908 578 ponendum

83 605 153 640 actum
169 612 212 641 non
227 604 255 641 sit
269 606 392 643 necessaria
406 607 474 650 gratia
489 606 562 643 efficax
571 619 581 642 s>
591 609 615 642 ⁸³.

136 687 161 724 ln
175 686 217 725 hoc
234 692 349 732 systemate
366 690 465 727 statuitur
481 690 549 733 gratia
564 701 591 727 ex
607 701 629 727 se
645 690 693 734 ipsa
708 689 790 727 efficax.
807 690 909 728 «Postre-

83 762 242 798 masententia
261 765 293 798 est
311 761 472 799 Thomistarum
491 766 511 799 et
530 757 720 806 Augustincnsium
739 762 835 800 omnium
855 762 909 799 affir-

83 832 188 870 mantium
200 833 292 877 gratiam
306 833 414 872 efficacem
426 846 472 873 esse
484 835 561 878 seipsa,
575 845 619 872 non
631 835 695 872 talem
707 835 771 873 reddi
784 838 821 872 aut
833 845 908 879 coope-

83 904 166 942 ratione
179 905 244 943 liberi
256 906 348 950 arbitrii,
361 910 396 944 aut
410 918 435 943 ex
449 906 618 944 circumstantiis
631 906 743 950 congruis:
760 909 822 951 atque
836 907 909 944 certis-

82 977 136 1013 sime
151 981 172 1014 et
184 977 331 1016 infallibiliter
345 989 394 1015 eum
408 978 487 1016 effectu
501 978 639 1016 coniunctam
655 989 706 1021 esse,
720 989 763 1016 non
778 989 830 1022 vage
845 982 909 1022 prout

83 1049 277 1092 comprehenditur
294 1051 317 1086 in
336 1051 421 1087 cumulo
441 1051 537 1088 omnium
554 1051 678 1096 gratiarum,
697 1051 735 1088 sed
754 1053 859 1095 quatenus
878 1055 909 1088 est

83 1121 198 1158 individua
213 1125 234 1159 et
250 1122 367 1165 peculiaris
384 1123 503 1167 praemotio
521 1126 540 1160 et
557 1123 673 1167 inspiratio
683 1124 767 1172 ‘collata
783 1122 909 1160 hominihus

84 1203 127 1230 non
142 1204 247 1237 suspensa
263 1198 282 1232 et
297 1194 433 1232 indifferenti
446 1195 485 1232 Dei
500 1196 615 1239 voluntate,
631 1195 669 1232 sed
684 1194 781 1232 absoluta
797 1198 817 1232 et
830 1194 910 1239 plenis·

85 1266 149 1303 sima:
169 1266 198 1303 ita
214 1270 237 1303 ut
253 1266 307 1303 haec
322 1268 391 1310 gratia
407 1267 442 1304 det
458 1278 528 1310 posse,
543 1267 597 1304 velle
613 1270 633 1304 et
649 1266 760 1312 perticere,
776 1277 845 1311 neque
862 1267 909 1310 ipsa

85 1341 213 1384 cooperetur
227 1338 278 1382 quia
293 1339 398 1383 volumus,
413 1339 451 1376 sed
464 1349 503 1376 nos
517 1339 614 1383 velimus,
629 1339 680 1383 quia
695 1339 743 1382 ipsa
758 1341 910 1381 operaturam.

137 1421 193 1465 Ergo
206 1422 276 1466 gratia
288 1425 320 1459 est
334 1423 405 1465 seipsa
419 1422 499 1463 efficax,
513 1423 536 1458 in
550 1422 611 1466 signo
626 1422 766 1459 antecedente
781 1422 808 1459 ad
821 1432 910 1459 consen-

85 1505 131 1531 sum
144 1494 207 1531 liberi
222 1494 318 1538 arbitrii;
332 1495 370 1531 sed
382 1495 435 1531 haec
449 1494 517 1538 gratia
530 1493 601 1537 seipsa
616 1493 690 1531 efficax
704 1494 772 1537 gradu
786 1494 855 1531 solum
870 1493 911 1530 dif-

86 1566 128 1603 fert
142 1567 237 1609 agratia
253 1566 370 1611 inefficaci;
388 1569 408 1603 et
424 1566 498 1603 eadem
513 1566 602 1603 omnino
618 1566 693 1608 gratia,
709 1576 764 1610 quae
780 1566 803 1601 in
819 1575 862 1602 uno
879 1568 911 1602 est

85 1637 166 1681 efficax,
181 1638 204 1674 in
219 1638 286 1676 altero
301 1641 372 1682 potest
387 1637 486 1675 inefficax
501 1649 553 1675 esse.
617 1630 619 1632 ¹
858 1621 859 1624 Ἴ

123 1750 125 1754 Α
137 1723 162 1759 In
175 1722 209 1759 his
223 1724 266 1759 iarn
281 1725 371 1765 apparet
384 1721 440 1758 hanc
456 1721 575 1758 doctrinam
591 1732 634 1758 non
648 1732 693 1758 esse
708 1721 871 1758 admittendam.

138 1806 193 1842 Nam
210 1806 264 1843 haec
280 1805 349 1849 gratia
367 1817 389 1842 se
408 1805 454 1860 ipsa
472 1805 545 1841 efficax
563 1810 598 1842 aut
617 1804 765 1848 metaphysica
783 1804 911 1842 necessitate

85 1889 133 1915 cum
152 1888 259 1915 consensu
278 1877 396 1915 coniuncta
413 1880 450 1919 est,
468 1877 497 1913 ita
515 1881 538 1914 ut
555 1877 702 1920 metaphysice
722 1877 832 1913 dissensus
849 1887 910 1919 repu-

85 1953 141 1994 gnet,
156 1953 177 1987 et
191 1950 222 1987 sie
236 1952 298 1987 actus
312 1949 369 2000 liber
383 1949 426 1985 iam
442 1953 473 1986 est
489 1949 642 1986 determinatus
656 1949 679 1985 in
694 1949 755 1992 signo
771 1948 911 1985 antecedente

86 2022 113 2059 ad
125 2022 252 2060 electionem
264 2022 327 2059 liberi
342 2020 426 2059 arbitrii
440 2025 460 2058 et
471 2021 644 2065 independenter
657 2020 682 2058 ab
697 2031 727 2064 ea,
740 2024 761 2057 et
772 2020 864 2066 hahetur
876 2031 911 2056 ne·

86 2095 175 2131 cessitas
192 2094 333 2131 antecedens:
355 2094 414 2130 deest
431 2093 529 2138 libertas;
548 2095 583 2129 aut
601 2094 657 2129 inter
673 2093 764 2136 gratiam
781 2092 852 2135 seipsa
870 2082 911 2128 effi·

86 2177 159 2203 eacem
174 2169 194 2203 et
209 2176 339 2203 consensum
353 2164 417 2202 liberi
433 2164 518 2201 arbitrii
531 2165 585 2201 haec
600 2165 717 2201 necessitas
733 2164 863 2201 antecedens
877 2174 911 2200 au-

87 2239 158 2276 ferens
172 2238 293 2276 libertatem
308 2248 352 2274 non
367 2237 458 2279 exsistit,
471 2240 491 2272 et
505 2237 615 2274 dissensus
629 2239 701 2273 manet
714 2235 866 2288 possibilis-et
880 2235 911 2272 sic

86 2321 130 2348 non
147 2310 268 2353 explicatur
285 2308 435 2352 metaphysica
453 2308 604 2352 infallibilitas,
623 2319 664 2352 qua
682 2308 751 2359 gratia
770 2307 844 2344 efficax
863 2317 911 2344 eum

88 2368 193 2420 consensu
206 2382 270 2419 liberi
285 2381 370 2418 arbitrii
386 2380 501 2417 coniuncta
515 2383 552 2422 est,
567 2381 610 2417 nisi
625 2380 751 2416 admittatur
765 2379 856 2415 scientia
870 2389 912 2415 rne-

88 2455 130 2498 dia,
144 2465 198 2499 quae
212 2457 282 2491 tamen
296 2454 319 2490 in
334 2453 376 2490 hoc
391 2454 505 2494 systemate
519 2452 614 2489 absolute
630 2453 725 2495 negatur.

136 2655 154 2678 8³
167 2623 212 2691 pag.
227 2651 261 2685 155
276 2661 301 2690 s.;
317 2650 340 2682 de
354 2649 391 2682 hac
405 2648 521 2681 differentia
535 2648 608 2682 iterum
621 2656 665 2687 pag.
679 2648 719 2681 160.

137 2716 154 2738 u
167 2711 212 2750 Pae.
226 2711 266 2745 166.
657 2707 660 2715 “
