1952 3093
428 76 548 122 -121÷

128 201 152 238 In
168 201 240 245 prima
258 200 353 238 sectione
371 201 486 244 probatum
504 203 536 238 est
552 200 575 237 in
593 199 746 237 iustificatione
763 201 901 243 peccatorem
952 187 953 190 ¹

75 273 204 317 regenerari,
218 273 238 310 ei
252 272 409 310 communicari
422 275 521 309 naturam
536 272 639 315 divinam,
652 283 700 309 eum
715 271 819 309 constitui
832 270 901 307 filium

73 345 114 382 Dei
126 345 261 389 adoptivum;
274 344 297 380 in
312 344 407 381 secunda
420 345 516 382 sectione
530 343 651 387 expositum
665 344 733 381 estin
747 343 900 380 iustificatione

75 417 171 454 conferri
183 420 203 453 et
216 417 274 454 dona
286 419 357 453 creata
370 419 391 454 et
404 416 485 453 donum
498 416 625 459 increatum,
639 415 744 459 Spiritum
757 413 901 452 0000101010-

73 488 214 525 hahitantem.
227 488 283 525 Hinc
296 488 354 525 inter
363 488 474 531 theologos
487 487 606 525 catholicos
618 490 677 524 mota
689 490 721 525 est
732 487 836 532 quaestio,
850 496 900 531 quo-

74 561 139 598 modo
153 571 175 598 se
189 560 283 598 habeant
296 560 354 597 dono
368 562 441 597 creatu
454 562 475 597 et
488 560 569 597 donum
583 559 702 596 increatum
715 560 782 596 relate
796 558 825 596 nd
840 557 900 595 iusti-

74 631 132 675 tium,
146 631 365 669 communicationem
380 634 470 668 naturae
486 630 580 675 divinoe,
594 630 724 675 filiationem
740 630 872 675 adoptivam.

128 709 254 747 Lessius
271 710 363 753 gratiam
379 709 539 746 iustificationis
559 720 585 746 ex
602 719 646 746 una
663 712 725 752 parte
744 713 764 745 et
781 708 900 745 communi-

74 781 183 819 cationem
195 784 284 818 naturae
298 781 385 818 divinae
400 784 421 818 et
433 780 574 824 adoptionem
588 791 614 818 ex
629 781 696 818 attera
709 784 771 824 parte
786 780 900 824 distinguit

73 857 182 898 tamquam
196 841 305 896 duplicem
318 852 478 897 quodammodo
492 853 590 896 gratiam.
603 851 645 889 Per
658 852 739 890 donum
752 855 848 889 creatum
862 852 899 889 ho-

73 936 109 962 mo
126 925 248 963 formaliter
263 924 401 970 iustificatum
417 925 558 969 participatio
576 928 647 961 autern
665 926 754 961 naturae
773 924 860 961 divinae
879 926 899 960 et

74 997 163 1041 adoptio
179 996 301 1034 formaliter
318 984 410 1034 hahetur
426 1007 467 1040 per
485 997 565 1034 donum
584 997 711 1040 increatum,
729 996 833 1039 Spiritum
852 1006 899 1032 san-

73 1071 131 1106 ctum
147 1068 312 1111 inhahitantem,
328 1079 377 1105 cum
391 1078 434 1112 quo
450 1061 515 1106 homo
532 1067 671 1112 coniungitur
686 1078 727 1112 per
743 1067 825 1105 donum
841 1077 899 1104 crea-

72 1143 125 1178 tum.
137 1140 199 1184 Quod
210 1143 281 1177 autern
293 1140 362 1184 gratia
373 1139 533 1178 iustificationis
546 1139 657 1177 hominem
670 1150 719 1177 cum
730 1139 813 1183 Spiritu
824 1143 898 1176 sancto

73 1212 103 1249 ita
116 1211 234 1255 coniungit,
245 1221 291 1249 non
300 1215 333 1249 est
344 1223 370 1249 ex
380 1211 429 1256 ipsa
440 1211 532 1256 physica
543 1214 620 1249 natura
630 1212 695 1249 huius
707 1211 763 1249 entis
775 1211 849 1255 creati,
861 1210 899 1248 sed

74 1295 100 1321 ex
111 1283 181 1321 libera
193 1283 331 1321 ordinatione
344 1283 425 1321 divina.
436 1283 478 1321 Per
490 1294 513 1320 se
524 1294 574 1327 ergo
586 1284 629 1321 1100
643 1283 723 1321 donum
738 1286 840 1326 creatum,
853 1292 899 1327 gra-

73 1355 103 1393 tia
115 1354 259 1400 sanctificans,
271 1366 318 1393 esse
328 1358 401 1399 posset
412 1355 459 1392 sine
471 1355 609 1393 ordinatione
620 1355 649 1393 ad
659 1354 840 1393 inhabitationem
853 1354 899 1398 Spi-

72 1426 127 1464 ritus
144 1427 214 1464 sancti
231 1431 251 1465 et
268 1427 487 1465 communicationem
503 1430 593 1465 naturae
610 1427 703 1464 divinae.
721 1426 743 1465 Si
760 1437 812 1464 vero
829 1427 899 1470 gratia

73 1498 211 1536 sanctificans
225 1499 376 1536 consideratur
388 1499 452 1536 simul
464 1510 514 1536 cum
527 1499 565 1536 illa
577 1498 716 1537 ordinatione
728 1498 809 1543 divina,
824 1509 899 1536 secun-

74 1570 125 1608 dum
138 1581 203 1615 quam
217 1581 257 1608 nos
270 1571 384 1614 coniungit
398 1581 448 1608 cum
462 1570 544 1614 Spiritu
559 1573 641 1615 sancto,
657 1571 682 1608 de
697 1570 745 1615 ipsa
760 1581 845 1615 quoque
861 1569 898 1607 ali·

73 1653 116 1686 quo
131 1652 196 1679 sensu
211 1641 256 1679 dici
270 1645 347 1686 potest,
361 1642 419 1687 quod
434 1653 474 1679 nos
489 1642 556 1679 iaciat
569 1642 627 1680 filios
641 1642 687 1681 Dei.
702 1642 806 1679 «Tertius
821 1642 898 1679 modus

72 1713 161 1751 unionis
179 1714 237 1755 (cum
250 1714 303 1757 Deo)
317 1717 350 1751 001
364 1725 404 1758 per
418 1715 509 1758 gratiam
524 1714 696 1752 iustificationis:
712 1725 753 1758 per
766 1714 824 1751 hanc
840 1713 898 1751 enim

72 1785 103 1823 ita
118 1785 182 1822 nobis
197 1785 371 1823 communicatur
384 1789 405 1823 et
419 1786 494 1823 unitur
509 1786 602 1829 Spiritus
617 1789 710 1830 00110100,
725 1797 763 1823 seu
778 1786 827 1829 ipsa
844 1786 899 1823 divi-

72 1856 136 1902 nitas,
148 1860 172 1894 ut
185 1868 211 1895 ex
222 1857 263 1895 hac
275 1857 358 1895 unione
371 1857 489 1895 efficiamur
500 1856 540 1894 filii
553 1858 600 1905 Dei,
613 1860 722 1913 tamquam
734 1857 855 1902 participes
868 1858 898 1895 el-

72 1928 125 1965 fecti
142 1928 229 1966 divinae
244 1932 340 1966 naturae.
355 1929 417 1973 Quod
431 1930 489 1967 enim
505 1929 574 1973 gratia
588 1928 748 1967 iustificationis
765 1940 805 1967 nos
820 1929 898 1967 efficiat

71 2000 128 2037 filios
141 2000 187 2044 Dei,
202 2010 246 2038 nou
260 2001 326 2038 habet
338 2012 364 2039 ex
379 2001 437 2038 nuda
452 2012 490 2038 sua
504 2001 596 2045 physica
610 2001 755 2046 perlectione;
770 2001 824 2039 11000
840 2001 898 2038 00110

72 2072 138 2109 011010
155 2083 204 2109 cum
221 2076 312 2116 peccato
328 2073 440 2110 mortifero
458 2073 553 2110 absolute
572 2073 690 2110 consistere
707 2076 787 2117 posset,
804 2074 823 2110 si
840 2073 898 2110 Dens

72 2143 132 2180 iii-am
144 2154 274 2181 conservare
287 2144 360 2189 vellet3
374 2144 412 2182 sed
424 2156 450 2181 ex
463 2156 495 2189 eo,
509 2145 567 2189 quod
580 2145 641 2182 uniat
654 2145 717 2182 nohis
731 2145 836 2188 Spiritum
851 2155 898 2182 san-

73 2217 137 2259 ctum,
150 2226 189 2253 seu
202 2215 299 2253 divinam
310 2219 415 2260 naturam,
429 2217 491 2254 cuius
504 2219 536 2255 est
548 2217 613 2253 veluti
627 2217 745 2254 vinculum.
757 2217 826 2254 Filius
840 2217 898 2254 enim

72 2286 122 2331 quis
137 2287 276 2325 constituitur
289 2298 334 2325 non
350 2299 375 2325 ex
391 2288 507 2326 collatione
524 2288 576 2326 doni
592 2288 691 2333 alicuius,
707 2289 745 2326 sed
761 2300 787 2326 011
803 2300 897 2326 0010100-

72 2358 138 2395 nione
153 2359 250 2396 eiusdem
264 2362 353 2397 naturae
365 2359 393 2397 ab
407 2360 474 2398 altero
489 2363 596 2403 acceptae.
610 2360 673 2398 Unde
688 2360 745 2398 sicut
757 2358 851 2398 Verbum
867 2361 898 2398 di-

72 2429 148 2468 vinum
161 2433 193 2468 est
206 2430 264 2468 filius
278 2431 330 2476 quia
344 2432 429 2475 accepit
444 2431 541 2469 divinam
556 2435 655 2469 naturam
671 2443 683 2470 a
697 2432 760 2470 Patre
775 2443 815 2477 per
831 2436 897 2471 aeter-

72 2512 122 2538 nam
135 2503 306 2549 generationem
321 2507 341 2541 et
352 2503 476 2540 humanitas
489 2503 575 2547 Christi,
590 2505 623 2541 vel
641 2504 672 2546 (nt
683 2505 752 2548 magis
765 2505 854 2548 proprie
867 2506 897 2542 lo-

72 2574 134 2618 quar)
151 2574 188 2611 1110
203 2574 269 2612 110100
284 2575 321 2620 qui
338 2575 418 2612 dicitur
435 2575 535 2613 Christus·
549 2578 581 2612 est
597 2575 665 2613 Filius
682 2577 728 2620 Dei,
744 2577 795 2621 quia
813 2577 898 2620 accepit

72 2649 171 2683 naturam
187 2646 290 2690 divinam,
304 2658 344 2690 per
358 2647 460 2684 unionem
475 2648 642 2692 hypostaticam,
656 2649 687 2686 ita
701 2648 767 2686 homo
782 2650 851 2686 iustus
867 2649 897 2686 di-

73 2717 128 2754 citur
141 2718 205 2762 filins,
219 2719 270 2763 quia
282 2722 381 2755 naturam
396 2719 486 2756 eandem
501 2720 585 2763 accepit
599 2730 639 2763 per
652 2721 755 2758 unionem
770 2721 857 2764 gratiae.
872 2720 896 2757 ln
