1952 3093
459 74 581 113 -232*

109 201 195 238 scilicet
206 203 280 237 utrum
295 200 386 237 tortasse
401 201 425 236 in
440 201 477 238 tali
494 202 542 237 actu
559 203 617 236 tanta
632 199 756 236 inveniatur
773 198 894 244 difficultas
909 205 933 237 ut

108 271 193 309 homini
209 273 272 315 lapso
289 271 387 309 absolute
401 272 546 316 impossibilis
565 271 598 309 sit.
616 270 648 308 Ex
666 271 763 309 tontibus
780 271 881 315 positivis
898 282 932 309 res

109 344 182 381 decidi
192 344 276 389 nequit;
287 344 338 388 quia
347 355 396 381 cum
405 345 428 380 in
439 344 483 381 illis
495 345 521 381 de
531 343 659 381 necessitate
669 344 750 387 gratiae
761 343 789 381 ad
799 343 933 386 diligendum

108 416 177 453 Deum
191 426 262 454 sermo
277 418 314 459 est,
328 416 417 453 dilectio
431 415 530 455 salutaris
545 415 684 459 intelligitur:
700 416 849 459 theologorum
862 418 932 452 autern

108 488 228 526 sententiae
240 489 263 525 in
275 487 317 525 hac
328 488 455 532 quaestione
468 491 518 525 sunt
530 488 618 525 divisae.
631 487 693 525 Ratio
706 490 776 525 autem
788 487 874 524 videtur
887 498 933 525 esse

109 571 150 603 pro
164 559 292 597 affirmanda
304 559 343 597 illa
357 561 460 604 potentia.

163 631 231 668 Homo
247 632 305 669 enim
320 633 414 669 naturali
430 632 521 669 rationis
536 631 618 669 lumine
633 641 764 674 cognoscere
778 634 851 675 potest
865 631 933 668 Deum

110 715 156 741 esse
167 703 232 741 finem
246 714 308 740 suum
320 704 427 748 ultimum,
440 714 488 741 eum
501 714 548 741 esse
560 702 644 741 infinite
656 703 737 741 honum
750 707 770 740 et
782 714 864 740 summe
876 714 933 760 ama-

109 774 184 820 bilem3
198 785 267 819 neque
277 779 370 819 apparet
380 776 436 813 ratio
448 786 488 812 cur
499 775 563 812 talem
576 775 722 819 cognitionem
735 775 796 819 sequi
808 785 852 812 non
864 771 934 821 possit

110 846 200 884 affectus
213 848 293 885 amoris
307 856 357 891 erga
370 848 447 892 Deum3
461 847 485 884 in
496 847 538 884 hoc
552 847 610 884 enirn
623 850 672 884 actu
684 858 726 891 qua
739 847 780 884 tali
790 857 834 884 non
847 846 934 883 videtur

110 930 156 956 esse
172 919 347 956 extraordinaria
363 919 484 962 difficultas,
500 923 524 956 ut
540 919 645 956 dicendus
663 919 690 955 sit
706 919 818 955 moraliter
833 919 934 962 impossi-

109 990 167 1027 bilis.
182 990 256 1034 Neque
272 990 356 1028 ratione
372 991 480 1034 propositi
495 1001 538 1028 non
553 991 667 1034 peccandi,
684 990 742 1034 quod
757 993 780 1027 ut
797 990 879 1027 dictum
896 993 933 1034 est,

109 1062 133 1097 in
146 1062 184 1100 illo
199 1065 248 1099 actu
263 1063 343 1099 amoris
356 1062 482 1106 includitur,
497 1062 584 1099 videtur
599 1062 742 1106 impossibilis
758 1073 810 1099 esse.
824 1062 885 1099 Licet
899 1073 934 1099 ve-

109 1145 157 1171 rum
170 1135 204 1177 sit,
216 1135 327 1172 hominem
341 1135 474 1172 naturalibus
487 1134 570 1172 viribus
584 1145 628 1172 non
641 1146 705 1178 posse
718 1135 807 1179 exsequi
818 1134 875 1171 illud
886 1144 935 1178 pro-

108 1205 211 1250 positum,
226 1206 278 1243 inde
291 1208 362 1242 tamen
376 1216 420 1243 non
435 1207 538 1251 sequitur,
552 1209 576 1243 ut
590 1217 707 1250 numquam
721 1206 803 1243 habere
815 1205 891 1250 possit,
906 1215 934 1243 ne

109 1287 150 1321 pro
166 1276 228 1314 brevi
243 1277 332 1322 quidem
346 1281 449 1321 tempore,
466 1282 537 1315 actum
552 1278 602 1315 talis
616 1278 730 1321 propositi.
746 1277 811 1314 Aliud
828 1278 885 1314 enim
901 1281 934 1314 est

109 1348 246 1392 propositum
261 1359 327 1393 opere
343 1350 438 1393 exsequi,
455 1353 476 1387 et
490 1349 556 1393 aliud,
570 1353 644 1386 actum
659 1350 767 1393 propositi
783 1349 870 1386 hahere.
884 1349 933 1386 Non

109 1421 257 1457 necessarium
268 1423 307 1464 est,
320 1424 344 1457 ut
355 1421 420 1457 homo
433 1421 470 1465 qui
481 1421 541 1458 elicit
550 1421 613 1457 illum
626 1424 697 1458 actum
710 1421 791 1458 amoris
803 1424 824 1457 et
836 1421 868 1459 sic
879 1421 934 1458 illud

110 1492 247 1535 propositum
261 1492 333 1537 habet,
348 1492 413 1529 simul
429 1493 493 1529 etiam
510 1503 595 1536 semper
612 1493 639 1529 de
654 1493 754 1529 omnibus
773 1481 934 1529 difficultatibus

111 1563 195 1607 cogitet,
210 1574 265 1607 quae
280 1563 415 1601 exsecutioni
429 1564 537 1607 propositi
552 1565 647 1609 obstant3
663 1567 775 1607 praeterea
790 1575 834 1601 non
848 1564 935 1601 videtur

109 1634 224 1678 probatum
239 1646 291 1678 esse,
305 1635 417 1672 hominem
431 1645 475 1672 non
490 1646 553 1679 posse
566 1635 646 1673 hahere
660 1636 740 1673 serium
755 1635 891 1679 propositum
908 1635 934 1672 de

111 1706 183 1750 aliqua
195 1717 225 1750 re,
238 1717 302 1751 quam
315 1708 413 1750 propriis
425 1707 508 1744 viribus
520 1707 605 1745 ‚efficere
619 1719 663 1745 non
675 1712 752 1752 potest.

163 1783 219 1820 Hinc
237 1784 381 1827 praeferenda
398 1784 485 1820 videtur
503 1785 616 1828 sententia,
633 1796 688 1829 quae
706 1788 777 1822 actum
795 1787 875 1823 amoris
893 1787 933 1823 Dei

110 1865 175 1897 super
189 1856 262 1892 omnia
276 1855 330 1892 dicit
342 1855 427 1893 homini
440 1856 502 1899 lapso
517 1856 627 1893 moraliter
641 1868 685 1893 non
700 1857 796 1895 absolute
809 1858 933 1910 impossibi-

109 1926 158 1961 lem.
170 1925 212 1963 Sed
225 1937 274 1963 cum
287 1929 346 1963 actus
360 1926 389 1963 sit
401 1937 460 1963 mere
473 1927 583 1971 naturalis,
597 1930 662 1971 patet,
676 1939 725 1965 eum
738 1939 782 1965 non
795 1940 843 1966 csse
857 1929 933 1966 saluta-

109 2007 161 2040 rem,
175 2000 195 2034 et
207 2000 323 2041 propterea
336 2007 380 2035 non
393 1997 488 2041 positive
502 1998 617 2041 disponere
629 1999 657 2036 ad
670 2000 767 2044 gratiam,
780 2001 847 2037 multo
861 2002 932 2038 minus

111 2069 236 2106 immediate
249 2080 296 2106 esse
309 2069 461 2106 iustificantem
469 2073 503 2106 ²⁶4.

158 2238 184 2260 rm
198 2235 226 2267 Ct.
240 2235 310 2267 dehac
322 2236 438 2274 quaestione
451 2235 528 2274 Beraza,
541 2246 570 2268 nr.
582 2237 670 2275 302-309;
684 2233 718 2276 pro
732 2238 824 2276 opposita
835 2237 933 2270 sententia

111 2294 203 2330 Schiffini,
215 2304 244 2326 nr.
258 2295 279 2326 99
293 2294 331 2327 obi.
344 2295 375 2328 IV.
