1952 3093
422 36 543 74 -131—

69 160 107 197 scl.
122 159 186 197 debet
199 158 310 197 ordinatio
323 157 363 194 Dei
377 168 419 202 qua
432 157 478 194 vult
493 156 602 214 remittere
617 159 731 200 peccatum
746 155 784 193 ubi
799 155 897 192 infundi-

68 235 103 269 tur
115 230 190 275 gratia.
201 230 274 269 Gratia
285 233 306 268 et
317 233 430 274 peccatum
443 239 487 266 non
500 240 522 266 se
535 229 652 266 excludunt
664 228 762 273 physice,
776 228 815 265 sed
827 238 897 265 mora·

68 304 119 341 liter
133 306 217 341 tantum
230 302 259 340 ob
276 302 403 346 dignitatem
418 302 506 345 gratiae,
522 305 543 338 et
557 301 615 338 hanc
632 301 759 345 dignitatem
775 300 845 345 gratia
860 300 897 336 ha-

69 376 104 413 bet
118 386 144 414 ex
159 374 298 412 ordinatione
313 374 387 411 divina
395 377 429 410 1⁴².
444 374 542 411 Attamen
558 372 612 410 haec
628 374 735 411 sententia
750 383 795 410 non
809 372 898 409 videtur

68 447 211 485 admittenda.
228 446 282 483 Nam
299 446 369 490 gratia
385 450 417 483 est
433 445 555 493 formaliter
570 445 739 483 communicatio
757 448 847 482 naturae
867 443 898 481 di-

69 519 133 557 vinae
148 523 169 556 et
182 518 294 556 hominem
309 518 362 555 facit
375 517 444 555 filium
459 517 586 561 adoptivum
600 517 649 562 Dei;
665 518 719 555 haee
734 520 804 555 autem
819 519 897 554 natura

70 602 115 637 sua,
131 591 155 628 id
172 595 204 628 est
220 591 267 628 sine
284 590 375 633 speciali
390 589 529 627 ordinatione
547 590 628 633 divina,
644 590 708 627 talem
725 589 812 627 ridetur
828 589 897 626 inclu-

72 664 122 701 dere
137 662 263 706 dignitatem
277 663 387 705 moralem,
401 666 425 699 ut
438 664 552 706 peccatum
567 672 580 698 a
594 661 692 699 subiecto
707 662 840 699 excludatur.
856 660 898 704 Qui

71 738 103 773 est
117 734 174 772 filius
189 735 229 771 Dei
246 734 368 778 adoptivus,
384 737 417 771 est
433 734 515 771 amicus
531 734 571 771 Dei
588 737 608 770 et
625 744 669 771 non
684 736 756 777 potest
772 734 837 770 simul
851 744 897 770 esse

70 806 110 844 Dei
126 806 235 850 iuimicus,
251 809 363 851 peccatum
380 806 404 843 id
419 806 478 850 quod
494 806 615 843 formaliter
630 805 741 843 bominem
757 805 830 842 reddit
846 805 897 842 ami-

72 889 121 916 cum
135 878 181 923 Dei,
195 878 317 916 formal-iter
330 878 427 915 excludit
441 889 489 915 eum
503 889 549 915 esse
564 878 679 915 inimicum
692 877 739 915 Dei.
755 876 898 915 Consideran-

72 951 123 987 dum
137 950 196 988 euim
210 954 242 988 est
255 951 347 994 gratiam
360 950 531 987 sanctificantem
546 959 590 987 non
604 960 651 987 esse
665 949 768 987 accidens
782 949 898 994 physicum

71 1023 233 1067 qualecumque,
250 1022 289 1059 sed
305 1032 343 1060 ens
360 1022 424 1065 plane
441 1022 475 1059 sui
492 1022 584 1065 generis,
602 1021 822 1059 communicationem
839 1024 898 1058 natu-

72 1095 109 1131 rae
125 1094 219 1138 divinae,
233 1104 275 1139 qua
290 1094 357 1132 homo
371 1094 400 1132 ad
413 1093 514 1131 ordinem
528 1093 603 1131 stricte
618 1094 811 1138 supernaturalem,
827 1093 852 1130 id
868 1096 899 1130 est

72 1166 172 1203 ordinem
189 1166 288 1203 divinum
305 1166 407 1203 elevatur.
423 1165 451 1202 Et
465 1165 519 1203 hinc
536 1166 580 1203 iam
597 1166 689 1204 solvitur
706 1165 762 1202 ratio
779 1165 899 1203 sententiae

72 1238 196 1282 oppositae:
214 1238 271 1275 Deus
287 1248 328 1282 per
343 1248 381 1275 ens
397 1241 493 1288 creatum
508 1248 553 1275 uon
568 1241 640 1282 potest
655 1238 784 1275 necessitari
799 1237 828 1274 ad
842 1248 899 1275 amo-

72 1321 125 1347 rem.
140 1309 178 1348 Est
194 1310 252 1347 enim
267 1309 336 1354 gratia
353 1308 491 1347 sanctificans
507 1320 552 1353 ens,
569 1310 628 1354 quod
645 1309 756 1347 homiuem
773 1309 842 1347 filium
859 1309 899 1346 Dei

73 1382 132 1425 iacit,
148 1385 168 1419 et
181 1381 219 1419 ubi
233 1381 290 1419 Deus
304 1393 331 1419 ex
341 1376 384 1420 'sua
395 1381 525 1419 liberalitate
539 1382 564 1418 in
577 1381 666 1419 homine
680 1382 722 1418 tale
737 1392 775 1418 ens
789 1366 899 1425 producit,

72 1453 183 1490 hominem
196 1453 258 1490 illum
271 1457 295 1491 ut
308 1464 371 1490 suum
384 1454 477 1490 amicum
492 1456 513 1490 et
524 1452 593 1490 filium
608 1453 684 1497 diligit,
698 1453 797 1491 Ceterum
812 1453 900 1490 difficile

73 1525 207 1569 intelligitur,
226 1525 335 1570 quomodo
354 1526 423 1569 gratia
442 1536 506 1564 causa
526 1525 625 1562 formalis
645 1525 806 1565 iustificationis
826 1525 860 1568 sit,
882 1526 900 1562 si

74 1598 101 1634 ad
116 1597 159 1634 hoc
172 1602 195 1634 ut
210 1600 324 1641 peccatum
341 1597 416 1642 deleat,
433 1597 536 1635 accedere
553 1597 623 1634 adhuc
641 1597 704 1635 debet
720 1597 822 1641 specialis
838 1597 901 1635 lavor

74 1668 123 1713 Dei;
141 1679 191 1706 nam
209 1669 236 1706 ad
254 1679 340 1706 causam
358 1669 471 1706 formalem
488 1670 598 1713 pertinere
615 1669 708 1714 videtur,
725 1669 784 1714 quod
800 1670 850 1713 ipsa
867 1670 900 1706 sui

74 1741 271 1778 communicatione
284 1740 386 1778 effectum
399 1741 513 1779 formalem
525 1741 638 1785 producat.

128 1812 170 1849 Sed
181 1812 246 1849 etiam
257 1812 377 1857 supposito,
388 1813 447 1857 quod
457 1813 526 1856 gratia
536 1813 628 1857 physica
640 1823 677 1850 sua
689 1816 772 1857 natura,
784 1814 832 1850 sine
843 1824 900 1851 novo

74 1884 165 1927 speciali
179 1884 259 1928 lavore,
273 1887 387 1928 peccatum
400 1885 499 1928 expellat,
512 1885 586 1922 adhuc
599 1885 715 1929 quaeritur,
729 1888 802 1922 utrum
815 1885 858 1921 hoc
873 1885 901 1922 sit

74 1956 156 1999 gratiae
170 1956 311 1993 connaturale
326 1956 397 1993 solum
411 1967 438 1993 an
454 1957 577 2001 essentiale3
595 1957 613 1994 si
628 1957 735 2001 ultimum,
752 1957 901 2001 metaphysiee

75 2030 211 2071 repugnaret,
228 2031 291 2064 etue
307 2028 481 2071 perpotentiam
497 2028 586 2072 quidem
601 2029 642 2065 Dei
659 2028 779 2065 absolutam
796 2028 902 2072 possibile

76 2102 137 2143 esset,
150 2099 242 2143 gratiam
255 2099 344 2136 infundi
358 2103 378 2136 et
392 2110 503 2137 remanere
517 2103 640 2145 peccatum;
655 2101 674 2137 si
688 2103 759 2138 autem
773 2104 901 2138 connatura-

18 2203 20 2208 ,
74 2171 95 2208 le
108 2173 197 2215 tantum,
210 2182 250 2215 per
262 2171 382 2214 potentiam
393 2171 434 2209 Dei
446 2171 566 2209 absolutam
578 2182 689 2209 remanere
701 2176 775 2215 posset
788 2176 902 2215 peccatum

75 2242 99 2278 in
116 2242 188 2279 anima
204 2243 273 2286 gratia
290 2237 438 2280 sanctificante
454 2246 536 2281 ornata.
552 2243 723 2287 Metaphysicam
740 2245 902 2288 oppositionem

76 2314 134 2351 inter
147 2314 238 2357 gratiam
253 2317 274 2351 et
288 2317 402 2358 peccatum
418 2315 496 2352 ducent
511 2315 585 2358 Gonet,
601 2315 788 2360 Salmanticenses‚
804 2316 901 2360 BiHuart,

75 2385 178 2430 vazquez,
200 2385 306 2429 Mazzel-l-a,
330 2385 405 2430 Pescb,
430 2386 535 2431 Schiffini,
559 2387 639 2432 Lange3
664 2388 790 2431 physicam:
817 2388 901 2432 Suarea

75 2457 168 2501 Tanner,
181 2457 287 2501 Mendive,
300 2458 391 2502 villana,
405 2458 490 2495 Beraza.

126 2635 153 2656 142
166 2632 195 2664 Cf.
206 2632 305 2669 blastrius,
318 2632 340 2663 In
353 2633 370 2670 2,
383 2632 432 2671 disp.
446 2633 461 2671 7,
474 2642 491 2671 q.
505 2633 520 2670 1,
533 2643 549 2664 a.
563 2632 680 2671 lrFrassen,
693 2634 761 2666 Scotus
775 2634 903 2672 academicus,

78 2694 125 2724 tom.
141 2693 157 2730 8,
171 2692 220 2730 disp.
236 2692 252 2730 3,
266 2695 301 2724 art.
316 2692 332 2731 2,
347 2702 365 2731 q.
380 2693 396 2724 1.
