1952 3093
443 71 564 111 -290-

92 196 158 226 autem
171 202 211 225 non
224 203 247 225 ex
260 194 359 232 operibus,
371 195 404 227 sed
416 204 440 226 ex
451 195 516 234 gratia
529 198 548 227 et
561 193 702 226 misericordia.
716 193 779 232 Quare
791 192 842 226 solet
856 193 916 225 etiam

91 263 106 286 s.
118 254 240 292 Augustinus
252 254 281 285 ita
293 254 419 295 distinguere,
432 258 454 287 ut
466 255 523 294 dicat,
536 255 574 294 ipsi
587 254 677 286 iustitiae
689 254 751 286 vitam
764 256 863 286 aeternam
875 263 916 287 esse

91 315 205 352 mercedem,
216 324 256 346 non
269 315 363 353 gratiam
377 315 416 354 ipsi
430 318 496 348 autem
507 314 584 347 homini
597 324 639 347 esse
653 314 737 352 gratiam
750 323 790 346 non
802 314 916 352 mercedem,

93 375 188 413 quoniam
199 374 276 406 homini
287 375 367 407 iustitia
379 376 443 414 gratia
455 379 484 408 est
492 386 501 408 >>
509 378 542 408 187.

164 472 182 510 4)
197 471 235 503 Luc
250 471 278 510 17,
293 472 325 505 10:
341 472 407 504 «Cum
422 472 508 504 feceritis
524 472 596 510 omnia,
611 481 661 511 quae
674 473 778 510 praecepta
793 473 840 504 suut
854 471 916 510 vohis,

95 532 163 564 dicite:
178 532 229 564 servi
241 533 323 564 inutiles
338 541 415 571 sumus;
430 533 483 571 quod
496 532 600 564 debuimus
614 532 683 569 iacere,
697 531 804 564 fecimus».
817 531 866 570 Ergo
879 541 918 564 nou

95 592 158 624 oritur
169 592 262 623 meritum
274 601 297 623 ex
308 592 407 631 operibus.

143 652 200 690 Hesp.
216 652 260 685 «Ut
276 653 358 691 exponit
373 663 388 685 s.
405 653 526 691 Augustinus
543 661 600 694 serm,
617 652 627 685 3
645 653 668 685 dc
684 652 749 684 verbis
766 652 852 691 Domini,
868 640 925 685 servi¹

95 713 177 745 inutiles
189 713 227 743 dici
239 721 351 751 possumus,
362 722 407 745 cum
420 713 487 745 omnia
500 713 567 745 divina
579 713 673 745 mandata
684 712 811 751 servavimus,
824 713 919 751 quoniam

95 773 147 805 nihil
158 773 243 805 tacimus
253 773 307 805 ultra
316 773 342 811 id,
353 774 406 812 quod
417 773 515 811 debemus,
526 776 545 805 et
554 772 606 805 nihil
617 773 662 805 inde
674 773 738 805 iustae
749 772 843 805 mercedis
854 776 919 812 petere

95 842 204 872 possemus
220 833 260 865 nisi
276 833 328 866 Deus
344 833 423 866 liberali
439 836 496 872 pacto
512 833 616 865 nobiscum
633 833 736 866 convenire
752 833 853 866 voluisset.
871 833 920 866 Nam

96 903 119 925 ex
135 893 250 925 condicione
265 893 366 932 mancipia
379 894 414 926 Dei
430 903 504 931 sumus,
520 896 539 925 et
555 894 571 925 si
587 893 641 932 velit,
656 896 722 931 potest
737 902 773 925 nos
789 893 862 932 absque
878 893 920 926 ullo

95 954 183 992 praemio
195 953 219 984 ad
229 953 296 985 omnia
305 962 370 992 opera,
380 963 513 992 quaecumque
524 953 555 985 illi
565 953 681 992 placuerint,
691 953 784 991 obligare.
795 954 849 986 Hanc
860 953 921 992 igitur

95 1014 232 1046 condicionem
248 1015 338 1046 nostram
354 1014 378 1045 ad
394 1013 530 1046 humilitatem
547 1013 701 1045 conservandam
718 1013 761 1046 vult
776 1023 812 1046 nos
830 1013 920 1047 Christus

97 1081 206 1112 agnoscere.
224 1074 317 1112 Quamvis
335 1083 358 1105 ex
375 1074 461 1111 gratuito
478 1077 541 1112 pacto,
558 1073 610 1113 quod
626 1073 729 1105 nobiscum
747 1073 810 1106 iacere
829 1074 920 1112 dignatus

97 1136 132 1172 est,
146 1143 252 1173 possumus
267 1143 312 1165 cum
326 1134 420 1171 Apostolo
435 1134 507 1166 dicere:
524 1133 618 1172 Reposita
631 1136 661 1166 est
673 1133 723 1165 mihi
738 1143 811 1167 corona
825 1134 921 1173 iustitiae,

98 1203 157 1234 quam
171 1194 238 1225 reddet
250 1193 300 1225 mihi
314 1194 335 1226 in
349 1194 386 1226 illa
399 1194 430 1226 die
442 1194 507 1226 iustus
521 1194 585 1225 iudex.
600 1193 649 1226 Nam
664 1196 682 1225 et
695 1194 791 1226 Dominus
805 1195 847 1233 ipse
862 1195 919 1228 dicit:

98 1254 166 1286 Nonne
182 1263 205 1285 ex
222 1254 302 1286 denario
320 1254 429 1286 convenisti
446 1253 533 1286 mecum?
549 1253 597 1286 tolle
613 1253 665 1292 quod
680 1256 737 1286 tuum
754 1257 784 1286 est
800 1256 819 1287 et
834 1255 888 1287 vade.
906 1254 921 1287 0

98 1322 174 1353 magna,
189 1314 255 1353 iuquit
269 1314 397 1352 Augustinus,
411 1314 490 1346 bonitas
504 1314 544 1352 Dei,
560 1313 591 1346 cui
606 1323 650 1345 cum
664 1323 699 1352 pro
713 1314 828 1347 condicione
843 1315 921 1348 reddere

98 1375 203 1407 debeamus
219 1375 342 1412 obsequium,
358 1376 426 1412 utpote
440 1374 490 1405 servi
506 1373 596 1412 Domino,
612 1374 746 1406 amicitiarum
760 1374 818 1407 nobis
833 1375 921 1413 praemia

99 1434 224 1473 repromittit,
238 1437 283 1467 uta
293 1434 351 1466 nohis
364 1434 459 1472 obsequia
472 1433 548 1466 debitae
562 1434 663 1466 servitutis
676 1437 792 1473 extorqueat
799 1446 809 1467 »
816 1437 850 1468 1⁸8.

170 1530 188 1568 5)
201 1530 250 1562 Rom
263 1530 279 1568 6,
293 1530 314 1562 23
329 1529 410 1562 dicitur:
425 1529 544 1568 «Stipendia
556 1529 609 1561 enim
621 1530 695 1568 peccati
708 1539 767 1569 mors,
780 1531 844 1569 gratia
856 1535 921 1564 autem

99 1592 134 1624 Dei
147 1592 189 1625 vita
202 1594 282 1624 aeterna
290 1601 305 1629 >>,
318 1593 337 1623 et
350 1600 390 1623 uon
403 1590 484 1623 dicitur:
500 1590 621 1629 stipendium
634 1590 732 1623 bonorum
744 1600 825 1629 operum
838 1591 880 1624 vita
894 1600 924 1623 ae-

99 1655 163 1690 terua;
177 1659 221 1689 ergo
232 1652 274 1683 vita
286 1653 366 1683 aeterna
378 1660 417 1683 non
429 1653 458 1682 est
471 1650 568 1683 obiectum
581 1651 653 1683 meriti.

146 1713 202 1750 Resp.
214 1712 271 1744 «Hoc
284 1713 421 1749 argumentum
434 1710 538 1749 diligenter
549 1711 608 1743 solvit
621 1721 635 1743 s.
648 1711 769 1749 Augustinus
782 1713 802 1744 in
815 1713 871 1751 epist.
882 1712 922 1752 105,

100 1774 120 1803 iu
134 1772 247 1804 Enchiridio
261 1781 303 1809 cap.
316 1771 357 1809 107,
371 1773 390 1802 et
403 1771 507 1810 praecipue
519 1771 539 1802 in
553 1771 604 1803 libro
618 1772 641 1803 de
654 1772 718 1809 gratia
731 1774 750 1803 et
763 1772 825 1804 libero
840 1772 922 1813 arbitrio

99 1843 140 1871 cap.
152 1834 161 1864 8
173 1834 191 1864 et
203 1833 219 1864 9,
230 1832 272 1864 Duo
286 1834 352 1863 autem
365 1831 418 1863 dicit.
430 1830 502 1869 Primo,
514 1832 602 1869 potuisse
615 1832 732 1870 Apostolum
744 1835 795 1864 recte
808 1832 876 1872 dicere,
888 1833 923 1866 sti-

99 1893 193 1931 pendium
204 1892 294 1924 iustitiae
303 1892 345 1924 vita
357 1893 442 1929 aeterna,
453 1891 504 1923 sicut
515 1891 570 1930 dixit,
582 1891 703 1929 stipendium
713 1893 787 1931 peccati
799 1902 857 1925 mors.
870 1893 923 1933 Quae

100 1953 163 1984 sancti
181 1952 285 1990 Augustini
304 1951 402 1983 confessio
421 1960 500 1983 causam
518 1951 675 1984 adversariorum
692 1952 771 1990 penitus
790 1949 872 1991 iugulat.
892 1954 923 1986 Se-

100 2013 169 2051 cundo,
185 2022 224 2044 non
239 2021 280 2044 esse
295 2012 375 2049 dictum,
391 2011 512 2049 stipendium
525 2011 614 2043 iustitiae
628 2012 670 2044 vita
684 2015 769 2051 aeterna,
783 2014 834 2045 sicut
849 2015 923 2053 stipen-

102 2073 156 2105 dium
166 2073 240 2112 peccati
251 2082 310 2111 mors,
321 2082 345 2104 ne
356 2072 401 2111 quis
412 2072 540 2110 existimaret,
551 2073 580 2104 ita
590 2082 626 2104 nos
638 2082 660 2104 ex
671 2072 728 2106 nobis
739 2072 811 2106 habere
821 2073 926 2112 iustitiam,

101 2135 151 2166 sieut
164 2143 187 2166 ex
201 2135 259 2166 nobis
274 2134 369 2166 habemus
384 2135 468 2171 peccata.
484 2133 552 2171 ltaque
566 2134 629 2171 gratia
643 2134 715 2166 dicitur
729 2134 770 2167 vita
784 2137 869 2176 aeterna,
883 2145 922 2168 non

101 2195 198 2232 quianon
210 2196 239 2225 est
251 2202 323 2225 merces
335 2194 407 2231 meriti,
420 2193 453 2224 sed
465 2193 512 2232 quia
524 2193 567 2231 ipsa
577 2194 648 2226 merita
659 2193 755 2226 hahemus
767 2204 790 2227 ex
801 2196 923 2234 gratiam.

173 2291 190 2328 6)
207 2291 276 2329 Magna
291 2290 365 2323 iniuria
381 2290 402 2322 tit
418 2290 502 2326 Christo,
517 2290 533 2321 si
549 2290 625 2323 meritis
640 2291 714 2323 nostris
730 2290 806 2330 aliquid
822 2292 923 2331 tribuitur,
959 2307 961 2309 ·

102 2352 158 2389 quasi
170 2360 209 2382 non
223 2351 320 2383 sufficiant
333 2350 406 2382 Christi
417 2350 494 2382 merita.

149 2411 206 2449 Resp.
220 2411 277 2443 «Hoc
292 2413 435 2449 argumentum,
450 2412 524 2449 quanto
539 2410 562 2442 ab
576 2411 693 2444 adversariis
707 2412 770 2450 magis
783 2412 879 2445 rhetorice
893 2413 924 2445 vel

103 2472 168 2509 potius
182 2471 254 2509 tragice
268 2471 404 2509 amplificatur,
418 2472 481 2508 tanto,
495 2479 539 2501 cum
554 2471 665 2507 discutitur,
679 2472 759 2504 inanius
774 2473 880 2505 invenitur.
896 2473 924 2505 Si-

150 2613 177 2635 187
190 2610 316 2648 Bcllarmiuo,
330 2619 371 2648 cap.
386 2610 401 2642 5.

151 2673 177 2695 !88
190 2670 316 2709 Bcllarmino,
330 2679 371 2708 cap.
385 2671 401 2703 5.

151 2734 177 2755 18⁹
190 2730 317 2768 Bellarmino,
330 2740 371 2769 cap.
385 2731 401 2763 5.
