1952 3093
471 54 593 92 -324-

113 164 233 220 perandam
245 176 316 220 ipsam
328 176 480 220 tentationem
492 179 586 213 attamen
599 176 627 212 ad
639 175 681 212 hoc
693 186 778 219 quoque
790 179 848 213 recte
862 175 942 212 dicitur

113 251 228 286 remote
251 248 366 292 sufficiens,
378 248 430 292 quia
442 248 521 284 sufficit
533 247 560 284 ad
573 247 692 291 rogandam
705 247 765 284 illam
777 248 876 291 gratiam,
887 258 941 292 quae

113 320 213 363 proxime
226 319 335 357 sufficiens
348 310 421 357 estad
435 320 580 363 superandam
594 315 742 357 tentationem.
757 319 856 376 sicergo
871 319 941 356 omnis

115 392 184 436 gratia
196 391 271 428 efficax
285 395 317 429 est
329 392 399 435 gratia
410 402 462 428 ¹rere
474 391 590 429 sufficiens.
605 391 678 429 Gratia
691 394 836 437 autem‚t1uac
850 391 943 434 comple-

115 461 159 501 tam
171 464 257 501 confert
268 465 388 507 potentiam
399 464 429 501 ad
440 467 511 501 actum
525 464 646 507 salutarem,
659 472 710 507 ergo
721 473 771 501 vere
784 463 893 501 sufficiens
904 466 943 507 est,

115 535 169 581 quae
186 539 258 574 tamen
276 537 301 576 de
318 537 376 574 facto
394 548 437 574 non
453 536 594 580 coniungitur
610 547 659 573 cum
676 539 724 573 actu
741 537 836 581 salutari,
853 539 943 574 vocatur

114 609 327 654 quidemvere,sed
355 621 435 663 pure
457 610 504 647 vel
531 620 609 646 mere
638 608 826 659 sufficiens.
855 609 877 647 Si
892 609 942 646 talis

114 681 183 726 gratia
200 682 291 726 exsistit,
307 693 352 720 non
368 682 440 720 omnis
455 683 523 726 gratia
540 692 590 719 vere
606 681 715 718 sufficiens
730 685 763 719 est
779 682 844 719 etiam
860 681 942 720 efficax.

115 754 188 791 Gratia
203 754 298 798 tandem,
314 766 369 799 quae
385 765 429 792 non
446 755 482 802 dat
498 754 627 797 completam
644 753 763 797 potentiam
779 756 806 791 ad
823 759 895 791 actum
911 765 942 791 sa-

114 827 212 870 lutarem,
226 829 282 863 esset
296 827 366 871 gratia
394 826 621 863 insufficiens.

168 897 235 941 Ergo:
251 899 321 941 gratia
333 898 408 936 efficax
422 902 454 935 est
467 898 537 941 gratia
550 908 600 935 vere
614 897 723 934 sufficiens
738 902 859 935 connotans
872 899 942 941 ipsam

117 970 248 1012 positionem
262 974 322 1008 actus
337 971 447 1015 salutaris;
462 970 531 1013 gratia
545 981 595 1006 vere
610 969 719 1006 sufficiens
733 970 868 1012 praescindit
882 981 894 1006 a
909 981 945 1013 po-

117 1042 195 1079 sitione
208 1045 268 1079 actus
283 1043 393 1087 salutaris;
408 1042 476 1085 gratia
491 1052 541 1078 vere
555 1045 575 1077 et
589 1052 648 1078 merc
662 1041 771 1078 sufficiens
785 1044 889 1079 connotat
901 1051 945 1078 non

116 1115 247 1158 positionem
264 1118 325 1153 actus
340 1114 446 1152 salutaris.
802 1103 804 1107 ’

166 1186 222 1231 Ergo
237 1187 317 1225 divisio
331 1176 413 1231 gratiae
427 1187 449 1223 in
465 1186 606 1224 sufficientem
620 1190 640 1223 ct
654 1186 763 1224 efficacem
777 1197 821 1225 non
835 1187 942 1225 coincidit

115 1271 164 1297 cum
178 1259 288 1297 divisione
300 1260 323 1296 in
337 1260 427 1303 gratiam
442 1259 572 1296 excitantem
585 1262 606 1296 ct
620 1258 765 1298 adiuvantem.
780 1259 852 1298 Gratia
868 1259 942 1297 efficax

117 1336 149 1370 est
163 1335 208 1369 tum
223 1332 320 1369 excitans
335 1335 380 1369 tum
395 1332 509 1376 adiuvans3
525 1332 595 1375 gratia
609 1342 660 1368 vere
676 1331 784 1368 sufficiens
800 1335 832 1370 est
846 1333 943 1369 excitans

118 1408 138 1441 et
150 1404 286 1448 praescindit
299 1404 326 1441 ab
340 1415 372 1449 co,
383 1407 455 1441 utrum
469 1404 496 1440 sit
510 1404 625 1457 adiuvans;
639 1403 708 1446 gratia
721 1414 771 1442 vere
784 1408 805 1441 et
819 1415 877 1441 mere
889 1404 944 1441 suffi—

118 1461 185 1513 ciens
193 1479 225 1513 est
239 1476 337 1513 excitans
350 1478 373 1513 et
386 1478 496 1519 connotat,
509 1475 568 1519 quod
583 1485 626 1512 non
642 1475 670 1512 sit
685 1475 798 1513 adiuvans.

170 1547 261 1591 Quando
275 1547 406 1591 simpliciter
419 1550 560 1590 opponuntur
572 1547 641 1590 gratia
656 1546 730 1584 efficax
746 1551 766 1583 et
780 1547 895 1590 sufficiens,
910 1558 943 1589 gc·

117 1618 209 1656 neratim
221 1619 275 1655 haec
288 1619 417 1662 intelligitur
428 1629 478 1655 vere
489 1622 513 1655 et
525 1629 583 1655 mere
596 1617 711 1655 sufficiens.
783 1606 785 1609 ¹

170 1752 195 1789 In
206 1752 247 1788 hac
258 1756 319 1795 parte
330 1753 356 1790 de
367 1752 463 1790 efficacia
473 1751 554 1796 gratiae
566 1752 656 1789 actualis
667 1752 777 1795 imprimis
788 1752 943 1797 inquirendum

118 1828 155 1868 est,
169 1826 240 1861 utrum
253 1825 325 1862 omnis
337 1825 412 1868 gratia,
424 1835 478 1868 quae
491 1825 513 1861 in
525 1824 635 1868 praesenti
648 1823 726 1861 ordine
740 1824 809 1869 datur,
821 1825 849 1862 sit
862 1824 943 1867 efficax,

118 1907 145 1933 an
161 1896 223 1934 detur
238 1896 303 1934 etiam
317 1897 386 1941 gratia
399 1907 449 1933 vere
464 1899 484 1934 et
499 1907 556 1933 mere
571 1896 686 1941 sufficiens,
701 1899 722 1933 et
736 1896 755 1933 si
769 1897 799 1934 ita
813 1900 851 1940 est,
864 1897 944 1942 inquo

118 1969 223 2006 consistat
238 1968 363 2006 differentia
378 1969 436 2005 inter
448 1971 566 2013 utramque,
581 1969 615 2005 vel
630 1969 739 2012 quomodo
753 1969 849 2007 efficacia
863 1969 944 2013 gratiae

118 2040 211 2078 efficacis
224 2041 252 2077 sit
265 2041 403 2084 explicanda.

170 2112 277 2156 Quaestio,
290 2116 362 2149 utrum
375 2113 403 2149 sit
415 2113 484 2156 gratia
497 2123 555 2149 mere
567 2112 675 2149 sufficiens
688 2116 709 2149 et
722 2113 790 2155 gratia
803 2112 885 2155 efficax,
898 2123 944 2150 sen-

119 2195 165 2220 sum
180 2194 224 2220 non
240 2183 311 2227 hahet,
327 2184 370 2221 nisi
384 2184 450 2221 homo
466 2184 489 2219 in
506 2185 615 2226 praesenti
632 2184 709 2221 ordine
725 2185 754 2220 sit
768 2195 818 2221 vere
833 2185 944 2222 moraliter

118 2255 179 2292 liber.
192 2255 254 2291 Hanc
268 2255 389 2292 libertatem
403 2248 536 2298 negaverunt
550 2258 664 2292 novatores
677 2256 758 2292 saeculi
772 2256 804 2293 16.
831 2256 944 2293 Luther

119 2337 166 2364 eam
180 2326 266 2370 negavit
279 2337 322 2364 non
337 2328 406 2364 solum
421 2329 511 2371 propter
525 2330 638 2370 peccatum
650 2317 764 2371 originale,
778 2339 820 2372 quo
833 2328 898 2365 homo
913 2328 944 2364 in-

119 2399 226 2436 trinsecus
238 2391 352 2443 corruptus
365 2400 398 2445 sit,
411 2399 524 2437 sedetiam
536 2400 689 2436 universaliter
700 2410 746 2437 earn
757 2400 843 2443 negavit
855 2403 945 2444 propter

119 2471 237 2508 efficaciam
250 2472 384 2514 operationis
396 2472 533 2515 universalis,
545 2483 586 2516 qua
599 2472 656 2509 Deus
669 2472 692 2508 in
706 2472 807 2510 omnihus
820 2475 944 2516 operatur1.

120 2543 190 2581 Verbo
204 2543 291 2588 quidem
305 2544 520 2588 Deus‘praedicatus
535 2544 592 2580 Deus
607 2545 662 2587 pius,
679 2544 778 2587 deplorat
792 2547 883 2581 mortem
897 2555 956 2588 pec·¹

168 2725 174 2743 1
188 2719 237 2751 Vide
252 2705 312 2758 supra
327 2728 370 2758 pag.
385 2720 407 2752 29
423 2729 448 2752 ss.
