1952 3093
452 96 558 136 -337-

78 217 210 263 positionem
225 219 292 261 actus,
307 217 352 252 sive
367 216 459 260 quaein
473 218 524 252 actu
539 215 610 259 primo
626 214 772 252 infallibiliter
789 225 838 251 cum
854 216 903 251 actu

80 288 169 328 salutari
181 287 298 326 coniuncta
310 290 348 325 est.
359 286 451 324 Exsistit
462 297 530 324 nexus
541 286 664 324 infallibilis
676 287 733 324 inter
745 287 802 324 hanc
814 285 905 329 gratiam

79 365 99 400 et
117 363 188 398 actum
206 360 302 396 futurum
320 359 435 396 salutarem
451 359 487 404 ita,
504 362 527 396 ut
545 358 594 395 data
611 359 653 396 hac
670 359 739 402 gratia
756 358 904 395 infallibiliter

80 436 140 471 actus
152 431 252 469 salutaris
266 434 373 475 sequatur.
385 430 511 468 infallibilis
523 430 560 468 bic
573 440 641 467 nexus
653 430 692 467 sub
706 430 789 474 triplici
804 433 903 473 respectu

79 503 240 543 consideratur:
255 504 275 546 ol
289 502 406 540 obiective:
420 502 528 540 obiective
541 513 616 539 verum
628 505 666 547 est,
679 503 736 539 hanc
749 503 841 546 gratiam
854 512 903 545 pro-

80 578 193 615 ducturam
207 586 252 613 esse
265 576 324 612 hunc
335 577 408 612 actum
420 575 545 619 salutarem3
559 574 580 616 b)
595 574 752 618 cognoscitive:
769 574 826 611 Deus
841 573 904 610 infal-

81 647 172 686 libiliter
187 649 234 691 scit,
251 647 308 685 hanc
325 648 417 691 gratiam
434 647 589 691 producturam
606 658 652 684 esse
669 648 726 684 hunc
743 650 814 683 actum
831 646 907 682 saluta-

79 731 134 765 rem;
146 720 166 763 c)
179 719 290 757 affective:
303 719 360 756 Deus
371 720 417 756 vult
427 719 484 756 hanc
493 720 585 763 gratiam
597 719 654 762 dare,
666 729 720 763 quae
731 719 790 755 hunc
803 717 903 755 effectum

81 793 195 831 salutarem
209 792 304 830 habebit.

132 870 193 907 Patet
204 870 273 908 maius
285 870 414 907 beneficium
426 881 478 914 esse,
491 870 510 908 si
522 871 579 907 Deus
593 869 677 907 confert
690 870 787 913 gratiam,
801 881 849 906 cum
862 880 904 913 qua

81 943 122 981 soit
131 942 242 980 homiuem
254 945 420 986 cooperaturum
432 953 485 986 esse,
497 953 561 987 quam
574 942 593 979 si
606 942 642 980 dat
652 942 743 986 gratiam
755 952 804 979 vere
816 941 904 986 quidem

81 1014 228 1058 sufficientem,
241 1025 290 1052 cum
302 1025 344 1059 qua
355 1017 427 1052 tamen
439 1014 480 1051 soit
491 1015 602 1051 hominem
615 1024 658 1051 non
672 1025 718 1052 esse
731 1017 903 1057 cooperaturum,

82 1098 135 1131 quae
149 1096 198 1131 ergo
212 1090 244 1124 est
256 1098 314 1124 mere
327 1087 442 1125 sufficiens.

134 1158 258 1196 Notandum
274 1161 306 1197 est
321 1159 378 1197 hanc
394 1170 479 1204 quoque
494 1163 578 1203 partem
595 1159 662 1197 thesis
676 1160 736 1203 loqui
754 1160 780 1197 de
795 1159 906 1203 praesenti

84 1230 167 1275 ordine,
182 1231 206 1268 id
221 1233 253 1269 est
268 1231 294 1268 de
310 1234 366 1269 statu
382 1234 470 1269 naturae
486 1232 566 1275 lapsae,
582 1241 631 1276 ergo
648 1234 698 1275 post
713 1234 826 1275 peccatum
842 1230 906 1268 Adae.

84 1303 103 1341 S.
117 1302 247 1346 Augustinus
261 1303 347 1340 videtur
363 1303 468 1347 docuisse,
484 1308 505 1341 et
520 1314 569 1341 cum
584 1303 622 1341 illo
637 1304 726 1347 quidam
742 1303 842 1347 theologi,
857 1307 906 1340 ante

83 1378 195 1418 peccatum
209 1376 262 1412 tales
276 1376 355 1419 gratias
368 1385 412 1413 non
427 1376 503 1420 fuisse,
517 1376 539 1412 in
553 1376 609 1413 hanc
623 1375 770 1420 quaestionem
785 1384 828 1412 non
843 1375 908 1411 intra-

84 1457 137 1491 mus,
152 1457 201 1484 cum
214 1449 318 1484 tractatus
330 1451 404 1485 noster
416 1448 444 1484 sit
457 1448 483 1484 de
497 1449 565 1491 gratia
578 1448 735 1491 Redemptoris¹

136 1519 262 1556 Adversarii
275 1518 340 1556 huius
353 1519 421 1562 partis
434 1519 502 1556 thesis
515 1523 564 1556 sunt
577 1522 664 1563 praeter
675 1519 800 1563 pelagianos
814 1519 907 1556 maxime

84 1590 253 1635 semipelagiani,
266 1590 304 1635 qui
315 1590 422 1628 rationem
435 1591 536 1635 specialis
548 1591 649 1628 beneficii
662 1592 685 1627 in
699 1591 780 1627 efficaci
794 1590 907 1627 vocatione

82 1664 102 1698 et
116 1661 173 1699 dono
187 1662 361 1705 perseverantiae
375 1666 513 1706 negaverunt.

137 1734 241 1771 Statuitur
255 1735 309 1771 haec
325 1745 376 1778 pars
392 1738 414 1772 ut
428 1730 549 1779 theologice
565 1739 629 1772 certa.

135 1805 197 1849 Quod
217 1806 245 1843 ad
264 1806 471 1849 argumentationem
489 1818 530 1850 pro
549 1807 590 1844 hac
610 1811 671 1851 parte
691 1809 767 1845 attinet
786 1810 905 1847 notandum

84 1881 121 1920 est,
132 1878 210 1915 thesim
222 1889 268 1915 esse
278 1878 398 1923 probatam,
410 1879 428 1915 si
439 1879 561 1929 ostenditur
570 1879 651 1916 bonum
662 1882 733 1917 actum
744 1881 834 1923 speciali
844 1882 908 1919 modo

83 1958 128 1985 esse
139 1948 269 1987 beneficium
280 1950 326 1994 Dei,
339 1960 385 1987 esse
396 1960 450 1993 opus
461 1950 510 1995 Dei;
523 1961 573 1987 nam
584 1950 602 1987 si
614 1951 698 1989 ratione
709 1951 809 1989 beneficii
821 1952 844 1990 in
857 1957 906 1991 actu

83 2020 154 2063 primo
168 2021 228 2061 nulla
241 2021 365 2059 differentia
380 2025 436 2059 esset
450 2022 508 2059 inter
522 2021 612 2065 gratiam
627 2033 677 2060 vere
693 2026 713 2060 et
727 2034 785 2061 mere
801 2024 906 2061 sufficien-

83 2094 125 2129 tem
140 2096 161 2131 et
175 2092 266 2136 gratiam
281 2092 397 2137 efficacem,
410 2103 454 2131 non
471 2093 514 2131 iam
530 2098 620 2138 apparet
636 2105 675 2132 cur
689 2098 750 2133 actus
765 2095 835 2133 bonus
852 2097 906 2134 salu-

83 2163 136 2200 taris
149 2165 239 2208 speciali
253 2165 318 2202 modo
332 2165 377 2203 Deo
392 2164 505 2203 tribuatur.
521 2165 542 2202 Si
558 2169 628 2203 autem
643 2167 727 2204 ratione
742 2167 842 2205 beneficii
857 2169 906 2205 talis

84 2234 208 2274 differentia
221 2237 244 2273 in
259 2239 307 2274 actu
321 2236 392 2281 primo
404 2236 495 2282 exsistit,
509 2237 537 2275 ob
551 2248 615 2282 quam
626 2242 688 2275 actus
702 2224 801 2277 salutaris
816 2240 906 2284 speciali

84 2307 148 2346 modo
161 2308 205 2346 Deo
219 2308 347 2346 tribuendus
359 2312 397 2353 est,
407 2319 434 2347 -ea
447 2309 516 2346 solum
529 2321 574 2347 esse
587 2313 664 2354 potest,
679 2312 736 2354 quod
750 2312 818 2355 gratia
833 2312 906 2349 efficax

84 2377 229 2417 infallibiliter
246 2391 294 2417 cum
311 2384 359 2417 actu
376 2381 464 2418 salutari
480 2381 596 2418 coniuncta
611 2385 648 2419 est.

132 2882 226 2918 Lnuunaz„
238 2903 262 2908 —
274 2885 302 2917 De
314 2885 382 2919 Gratia
395 2886 537 2925 Redemptortr.
