<?xml version="1.0" encoding="UTF-8"?>
<!DOCTYPE html PUBLIC "-//W3C//DTD XHTML 1.0 Transitional//EN"
    "http://www.w3.org/TR/xhtml1/DTD/xhtml1-transitional.dtd">
<html xmlns="http://www.w3.org/1999/xhtml" xml:lang="en" lang="en">
 <head>
  <title>
</title>
<meta http-equiv="Content-Type" content="text/html;charset=utf-8" />
  <meta name='ocr-system' content='tesseract 3.04.00' />
  <meta name='ocr-capabilities' content='ocr_page ocr_carea ocr_par ocr_line ocrx_word'/>
</head>
<body>
  <div class='ocr_page' id='page_1' title='image "./MN41638ucmf_6_0346.png"; bbox 0 0 1952 3093; ppageno 0'>
   <div class='ocr_carea' id='block_1_1' title="bbox 490 44 611 88">
    <p class='ocr_par' dir='ltr' id='par_1_1' title="bbox 490 44 611 88">
     <span class='ocr_line' id='line_1_1' title="bbox 490 44 611 88; baseline -0.058 1"><span class='ocrx_word' id='word_1_1' title='bbox 490 67 517 73; x_wconf 88' lang='lat'>-</span> <span class='ocrx_word' id='word_1_2' title='bbox 527 44 570 88; x_wconf 62' lang='grc'>»320</span> <span class='ocrx_word' id='word_1_3' title='bbox 583 66 611 72; x_wconf 84' lang='lat'>-</span> 
     </span>
    </p>
   </div>
   <div class='ocr_carea' id='block_1_2' title="bbox 132 148 974 1003">
    <p class='ocr_par' dir='ltr' id='par_1_2' title="bbox 132 148 974 1003">
     <span class='ocr_line' id='line_1_2' title="bbox 132 148 957 211; baseline 0.001 -10"><span class='ocrx_word' id='word_1_4' title='bbox 132 163 259 208; x_wconf 87' lang='lat' dir='ltr'>quaeprius</span> <span class='ocrx_word' id='word_1_5' title='bbox 271 164 351 201; x_wconf 91' lang='lat' dir='ltr'>malum</span> <span class='ocrx_word' id='word_1_6' title='bbox 362 165 457 211; x_wconf 80' lang='lat' dir='ltr'>volebat3</span> <span class='ocrx_word' id='word_1_7' title='bbox 470 169 490 203; x_wconf 91' lang='lat' dir='ltr'>et</span> <span class='ocrx_word' id='word_1_8' title='bbox 500 165 557 208; x_wconf 88' lang='lat' dir='ltr'>ideo,</span> <span class='ocrx_word' id='word_1_9' title='bbox 569 164 687 201; x_wconf 89' lang='lat' dir='ltr'>secundum</span> <span class='ocrx_word' id='word_1_10' title='bbox 699 163 758 209; x_wconf 90' lang='lat' dir='ltr'>quod</span> <span class='ocrx_word' id='word_1_11' title='bbox 769 148 826 202; x_wconf 83' lang='lat' dir='ltr'>Deus</span> <span class='ocrx_word' id='word_1_12' title='bbox 836 167 908 202; x_wconf 88' lang='lat' dir='ltr'>movet</span> <span class='ocrx_word' id='word_1_13' title='bbox 919 164 957 202; x_wconf 55' lang='lat' dir='ltr'>hu⁴</span> 
     </span>
     <span class='ocr_line' id='line_1_3' title="bbox 133 236 957 281; baseline 0.002 -9"><span class='ocrx_word' id='word_1_14' title='bbox 133 246 217 273; x_wconf 83' lang='lat' dir='ltr'>manain</span> <span class='ocrx_word' id='word_1_15' title='bbox 228 238 321 272; x_wconf 91' lang='lat' dir='ltr'>mentem</span> <span class='ocrx_word' id='word_1_16' title='bbox 333 236 360 273; x_wconf 90' lang='lat' dir='ltr'>ad</span> <span class='ocrx_word' id='word_1_17' title='bbox 371 236 430 274; x_wconf 89' lang='lat' dir='ltr'>hunc</span> <span class='ocrx_word' id='word_1_18' title='bbox 441 240 517 280; x_wconf 81' lang='lat' dir='ltr'>actum,</span> <span class='ocrx_word' id='word_1_19' title='bbox 531 237 611 274; x_wconf 87' lang='lat' dir='ltr'>dicitur</span> <span class='ocrx_word' id='word_1_20' title='bbox 621 236 690 279; x_wconf 83' lang='lat' dir='ltr'>gratia</span> <span class='ocrx_word' id='word_1_21' title='bbox 702 247 801 280; x_wconf 88' lang='lat' dir='ltr'>operans.</span> <span class='ocrx_word' id='word_1_22' title='bbox 813 236 874 274; x_wconf 89' lang='lat' dir='ltr'>Alius</span> <span class='ocrx_word' id='word_1_23' title='bbox 886 240 957 281; x_wconf 84' lang='lat' dir='ltr'>autem</span> 
     </span>
     <span class='ocr_line' id='line_1_4' title="bbox 133 308 957 354; baseline 0.001 -9"><span class='ocrx_word' id='word_1_24' title='bbox 133 311 192 345; x_wconf 87' lang='lat' dir='ltr'>actus</span> <span class='ocrx_word' id='word_1_25' title='bbox 208 312 239 345; x_wconf 87' lang='lat' dir='ltr'>est</span> <span class='ocrx_word' id='word_1_26' title='bbox 255 309 355 352; x_wconf 82' lang='lat' dir='ltr'>exterior,</span> <span class='ocrx_word' id='word_1_27' title='bbox 371 310 409 354; x_wconf 92' lang='lat' dir='ltr'>qui</span> <span class='ocrx_word' id='word_1_28' title='bbox 425 321 474 347; x_wconf 91' lang='lat' dir='ltr'>cum</span> <span class='ocrx_word' id='word_1_29' title='bbox 488 321 500 346; x_wconf 92' lang='lat' dir='ltr'>a</span> <span class='ocrx_word' id='word_1_30' title='bbox 515 309 629 346; x_wconf 86' lang='lat' dir='ltr'>voluntate.</span> <span class='ocrx_word' id='word_1_31' title='bbox 638 308 763 352; x_wconf 87' lang='lat' dir='ltr'>imperetur,</span> <span class='ocrx_word' id='word_1_32' title='bbox 779 311 802 346; x_wconf 89' lang='lat' dir='ltr'>ut</span> <span class='ocrx_word' id='word_1_33' title='bbox 817 320 882 352; x_wconf 90' lang='lat' dir='ltr'>supra</span> <span class='ocrx_word' id='word_1_34' title='bbox 897 308 957 352; x_wconf 86' lang='lat' dir='ltr'>habi·</span> 
     </span>
     <span class='ocr_line' id='line_1_5' title="bbox 133 381 958 427; baseline 0 -10"><span class='ocrx_word' id='word_1_35' title='bbox 133 384 178 418; x_wconf 88' lang='lat' dir='ltr'>tum</span> <span class='ocrx_word' id='word_1_36' title='bbox 192 383 229 425; x_wconf 89' lang='lat' dir='ltr'>est,</span> <span class='ocrx_word' id='word_1_37' title='bbox 243 390 378 426; x_wconf 87' lang='lat' dir='ltr'>consequens</span> <span class='ocrx_word' id='word_1_38' title='bbox 392 385 430 426; x_wconf 85' lang='lat' dir='ltr'>est,</span> <span class='ocrx_word' id='word_1_39' title='bbox 445 382 503 427; x_wconf 87' lang='lat' dir='ltr'>quod</span> <span class='ocrx_word' id='word_1_40' title='bbox 517 381 616 419; x_wconf 85' lang='lat' dir='ltr'>adhunc</span> <span class='ocrx_word' id='word_1_41' title='bbox 631 384 701 418; x_wconf 87' lang='lat' dir='ltr'>actum</span> <span class='ocrx_word' id='word_1_42' title='bbox 716 381 813 424; x_wconf 86' lang='lat' dir='ltr'>operatio</span> <span class='ocrx_word' id='word_1_43' title='bbox 828 381 958 418; x_wconf 72' lang='lat' dir='ltr'><strong>attribuatur</strong></span> 
     </span>
     <span class='ocr_line' id='line_1_6' title="bbox 134 450 958 497; baseline 0.002 -8"><span class='ocrx_word' id='word_1_44' title='bbox 134 450 248 497; x_wconf 81' lang='lat' dir='ltr'>voluntati3</span> <span class='ocrx_word' id='word_1_45' title='bbox 264 457 284 490; x_wconf 90' lang='lat' dir='ltr'>et</span> <span class='ocrx_word' id='word_1_46' title='bbox 296 453 348 497; x_wconf 89' lang='lat' dir='ltr'>quia</span> <span class='ocrx_word' id='word_1_47' title='bbox 360 455 426 492; x_wconf 86' lang='lat' dir='ltr'>etiam</span> <span class='ocrx_word' id='word_1_48' title='bbox 440 455 538 491; x_wconf 88' lang='lat' dir='ltr'>adhunc</span> <span class='ocrx_word' id='word_1_49' title='bbox 552 455 623 490; x_wconf 89' lang='lat' dir='ltr'>actum</span> <span class='ocrx_word' id='word_1_50' title='bbox 637 453 694 491; x_wconf 90' lang='lat' dir='ltr'>Deus</span> <span class='ocrx_word' id='word_1_51' title='bbox 709 464 748 490; x_wconf 92' lang='lat' dir='ltr'>nos</span> <span class='ocrx_word' id='word_1_52' title='bbox 762 453 856 497; x_wconf 86' lang='lat' dir='ltr'>adiuvat,</span> <span class='ocrx_word' id='word_1_53' title='bbox 872 456 892 491; x_wconf 92' lang='lat' dir='ltr'>et</span> <span class='ocrx_word' id='word_1_54' title='bbox 905 453 958 491; x_wconf 88' lang='lat' dir='ltr'>inte·</span> 
     </span>
     <span class='ocr_line' id='line_1_7' title="bbox 133 516 974 571; baseline 0 -9"><span class='ocrx_word' id='word_1_55' title='bbox 133 527 177 563; x_wconf 87' lang='lat' dir='ltr'>rius</span> <span class='ocrx_word' id='word_1_56' title='bbox 191 525 340 564; x_wconf 89' lang='lat' dir='ltr'>confirmando</span> <span class='ocrx_word' id='word_1_57' title='bbox 353 528 491 571; x_wconf 87' lang='lat' dir='ltr'>voluntatem,</span> <span class='ocrx_word' id='word_1_58' title='bbox 503 532 526 565; x_wconf 89' lang='lat' dir='ltr'>ut</span> <span class='ocrx_word' id='word_1_59' title='bbox 537 527 564 563; x_wconf 87' lang='lat' dir='ltr'>ad</span> <span class='ocrx_word' id='word_1_60' title='bbox 577 529 647 564; x_wconf 85' lang='lat' dir='ltr'>actum</span> <span class='ocrx_word' id='word_1_61' title='bbox 660 526 778 570; x_wconf 81' lang='lat' dir='ltr'>perveniat,</span> <span class='ocrx_word' id='word_1_62' title='bbox 790 529 811 563; x_wconf 89' lang='lat' dir='ltr'>et</span> <span class='ocrx_word' id='word_1_63' title='bbox 824 526 917 563; x_wconf 80' lang='lat' dir='ltr'>exterius</span> <span class='ocrx_word' id='word_1_64' title='bbox 929 525 959 562; x_wconf 86' lang='lat' dir='ltr'>ta·</span> <span class='ocrx_word' id='word_1_65' title='bbox 972 516 974 518; x_wconf 53' lang='grc'><strong>’</strong></span> 
     </span>
     <span class='ocr_line' id='line_1_8' title="bbox 133 597 957 643; baseline -0.001 -9"><span class='ocrx_word' id='word_1_66' title='bbox 133 597 233 635; x_wconf 84' lang='lat' dir='ltr'>cultatem</span> <span class='ocrx_word' id='word_1_67' title='bbox 245 598 351 641; x_wconf 87' lang='lat' dir='ltr'>operandi</span> <span class='ocrx_word' id='word_1_68' title='bbox 362 599 493 643; x_wconf 89' lang='lat' dir='ltr'>praebendo,</span> <span class='ocrx_word' id='word_1_69' title='bbox 505 600 604 642; x_wconf 90' lang='lat' dir='ltr'>respectu</span> <span class='ocrx_word' id='word_1_70' title='bbox 613 598 738 636; x_wconf 93' lang='lat' dir='ltr'>huiusmodi</span> <span class='ocrx_word' id='word_1_71' title='bbox 750 602 810 635; x_wconf 87' lang='lat' dir='ltr'>actus</span> <span class='ocrx_word' id='word_1_72' title='bbox 821 598 902 635; x_wconf 90' lang='lat' dir='ltr'>dicitur</span> <span class='ocrx_word' id='word_1_73' title='bbox 912 607 957 641; x_wconf 71' lang='lat' dir='ltr'>gra-</span> 
     </span>
     <span class='ocr_line' id='line_1_9' title="bbox 134 669 958 715; baseline 0 -9"><span class='ocrx_word' id='word_1_74' title='bbox 134 670 165 706; x_wconf 89' lang='lat' dir='ltr'>tia</span> <span class='ocrx_word' id='word_1_75' title='bbox 179 680 308 715; x_wconf 89' lang='lat' dir='ltr'>cooperans;</span> <span class='ocrx_word' id='word_1_76' title='bbox 325 671 383 708; x_wconf 90' lang='lat' dir='ltr'>unde</span> <span class='ocrx_word' id='word_1_77' title='bbox 399 675 449 715; x_wconf 88' lang='lat' dir='ltr'>post</span> <span class='ocrx_word' id='word_1_78' title='bbox 463 670 582 715; x_wconf 86' lang='lat' dir='ltr'>praemissa</span> <span class='ocrx_word' id='word_1_79' title='bbox 596 669 661 707; x_wconf 86' lang='lat' dir='ltr'>verba</span> <span class='ocrx_word' id='word_1_80' title='bbox 677 670 751 707; x_wconf 82' lang='lat' dir='ltr'>subdit</span> <span class='ocrx_word' id='word_1_81' title='bbox 764 670 827 713; x_wconf 60' lang='lat' dir='ltr'>Aua:</span> <span class='ocrx_word' id='word_1_82' title='bbox 844 670 871 708; x_wconf 84' lang='lat' dir='ltr'>Ut</span> <span class='ocrx_word' id='word_1_83' title='bbox 888 673 958 707; x_wconf 86' lang='lat' dir='ltr'>autem</span> 
     </span>
     <span class='ocr_line' id='line_1_10' title="bbox 134 741 958 788; baseline 0.001 -10"><span class='ocrx_word' id='word_1_84' title='bbox 134 742 231 787; x_wconf 80' lang='lat' dir='ltr'>velimus,</span> <span class='ocrx_word' id='word_1_85' title='bbox 246 746 358 788; x_wconf 90' lang='lat' dir='ltr'>operatur;</span> <span class='ocrx_word' id='word_1_86' title='bbox 374 754 422 781; x_wconf 91' lang='lat' dir='ltr'>cum</span> <span class='ocrx_word' id='word_1_87' title='bbox 436 747 506 781; x_wconf 85' lang='lat' dir='ltr'>autem</span> <span class='ocrx_word' id='word_1_88' title='bbox 520 743 624 787; x_wconf 83' lang='lat' dir='ltr'>volumus,</span> <span class='ocrx_word' id='word_1_89' title='bbox 638 746 661 779; x_wconf 91' lang='lat' dir='ltr'>ut</span> <span class='ocrx_word' id='word_1_90' title='bbox 673 741 817 786; x_wconf 84' lang='lat' dir='ltr'>perficiamus,</span> <span class='ocrx_word' id='word_1_91' title='bbox 833 742 896 779; x_wconf 91' lang='lat' dir='ltr'>nobis</span> <span class='ocrx_word' id='word_1_92' title='bbox 910 753 958 779; x_wconf 90' lang='lat' dir='ltr'>coo-</span> 
     </span>
     <span class='ocr_line' id='line_1_11' title="bbox 134 813 958 860; baseline 0 -9"><span class='ocrx_word' id='word_1_93' title='bbox 134 817 228 858; x_wconf 86' lang='lat' dir='ltr'>peratur.</span> <span class='ocrx_word' id='word_1_94' title='bbox 240 813 276 852; x_wconf 89' lang='lat' dir='ltr'>Sic</span> <span class='ocrx_word' id='word_1_95' title='bbox 285 815 352 858; x_wconf 78' lang='lat' dir='ltr'>igitur</span> <span class='ocrx_word' id='word_1_96' title='bbox 364 815 382 852; x_wconf 89' lang='lat' dir='ltr'>si</span> <span class='ocrx_word' id='word_1_97' title='bbox 392 816 460 860; x_wconf 80' lang='lat' dir='ltr'>gratia</span> <span class='ocrx_word' id='word_1_98' title='bbox 471 815 591 859; x_wconf 77' lang='lat' dir='ltr'>accipiatur</span> <span class='ocrx_word' id='word_1_99' title='bbox 601 826 641 858; x_wconf 92' lang='lat' dir='ltr'>pro</span> <span class='ocrx_word' id='word_1_100' title='bbox 652 814 745 858; x_wconf 80' lang='lat' dir='ltr'>gratuita</span> <span class='ocrx_word' id='word_1_101' title='bbox 755 814 795 852; x_wconf 90' lang='lat' dir='ltr'>Dei</span> <span class='ocrx_word' id='word_1_102' title='bbox 805 815 907 858; x_wconf 86' lang='lat' dir='ltr'>motione,</span> <span class='ocrx_word' id='word_1_103' title='bbox 917 825 958 858; x_wconf 89' lang='lat' dir='ltr'>qua</span> 
     </span>
     <span class='ocr_line' id='line_1_12' title="bbox 135 887 959 930; baseline 0 -7"><span class='ocrx_word' id='word_1_104' title='bbox 135 891 205 924; x_wconf 88' lang='lat' dir='ltr'>movet</span> <span class='ocrx_word' id='word_1_105' title='bbox 217 897 256 924; x_wconf 83' lang='lat' dir='ltr'>nos</span> <span class='ocrx_word' id='word_1_106' title='bbox 268 888 296 924; x_wconf 89' lang='lat' dir='ltr'>ad</span> <span class='ocrx_word' id='word_1_107' title='bbox 307 888 389 924; x_wconf 91' lang='lat' dir='ltr'>bonum</span> <span class='ocrx_word' id='word_1_108' title='bbox 401 888 542 928; x_wconf 78' lang='lat' dir='ltr'>meritorium,</span> <span class='ocrx_word' id='word_1_109' title='bbox 555 887 710 924; x_wconf 84' lang='lat' dir='ltr'>convenienter</span> <span class='ocrx_word' id='word_1_110' title='bbox 721 887 827 923; x_wconf 80' lang='lat' dir='ltr'>dividitur</span> <span class='ocrx_word' id='word_1_111' title='bbox 839 887 907 930; x_wconf 82' lang='lat' dir='ltr'>gratia</span> <span class='ocrx_word' id='word_1_112' title='bbox 920 897 959 930; x_wconf 90' lang='lat' dir='ltr'>per</span> 
     </span>
     <span class='ocr_line' id='line_1_13' title="bbox 134 962 474 1003; baseline 0 -8"><span class='ocrx_word' id='word_1_113' title='bbox 134 962 260 1002; x_wconf 81' lang='lat' dir='ltr'>operantem</span> <span class='ocrx_word' id='word_1_114' title='bbox 278 962 298 996; x_wconf 87' lang='lat' dir='ltr'>et</span> <span class='ocrx_word' id='word_1_115' title='bbox 315 963 474 1003; x_wconf 80' lang='lat' dir='ltr'>cooperantem.</span> 
     </span>
    </p>
   </div>
   <div class='ocr_carea' id='block_1_3' title="bbox 134 1038 959 1448">
    <p class='ocr_par' dir='ltr' id='par_1_3' title="bbox 134 1038 959 1448">
     <span class='ocr_line' id='line_1_14' title="bbox 187 1038 959 1088; baseline -0.001 -8"><span class='ocrx_word' id='word_1_116' title='bbox 187 1043 209 1080; x_wconf 87' lang='lat' dir='ltr'>Si</span> <span class='ocrx_word' id='word_1_117' title='bbox 222 1038 279 1081; x_wconf 65' lang='lat' dir='ltr'>&#39;vero</span> <span class='ocrx_word' id='word_1_118' title='bbox 296 1044 417 1087; x_wconf 81' lang='lat' dir='ltr'>accipiatur</span> <span class='ocrx_word' id='word_1_119' title='bbox 432 1044 501 1088; x_wconf 84' lang='lat' dir='ltr'>gratia</span> <span class='ocrx_word' id='word_1_120' title='bbox 518 1054 557 1088; x_wconf 88' lang='lat' dir='ltr'>pro</span> <span class='ocrx_word' id='word_1_121' title='bbox 575 1044 680 1081; x_wconf 74' lang='lat' dir='ltr'>habituali</span> <span class='ocrx_word' id='word_1_122' title='bbox 699 1045 763 1086; x_wconf 87' lang='lat' dir='ltr'>dono,</span> <span class='ocrx_word' id='word_1_123' title='bbox 781 1044 812 1080; x_wconf 85' lang='lat' dir='ltr'>sic</span> <span class='ocrx_word' id='word_1_124' title='bbox 829 1048 861 1081; x_wconf 89' lang='lat' dir='ltr'>est</span> <span class='ocrx_word' id='word_1_125' title='bbox 880 1044 959 1087; x_wconf 76' lang='lat' dir='ltr'>duplex</span> 
     </span>
     <span class='ocr_line' id='line_1_15' title="bbox 134 1115 959 1159; baseline 0.001 -8"><span class='ocrx_word' id='word_1_126' title='bbox 134 1116 215 1158; x_wconf 83' lang='lat' dir='ltr'>gratiae</span> <span class='ocrx_word' id='word_1_127' title='bbox 228 1115 324 1159; x_wconf 85' lang='lat' dir='ltr'>effectus,</span> <span class='ocrx_word' id='word_1_128' title='bbox 339 1116 395 1153; x_wconf 89' lang='lat' dir='ltr'>sicut</span> <span class='ocrx_word' id='word_1_129' title='bbox 409 1119 429 1153; x_wconf 88' lang='lat' dir='ltr'>et</span> <span class='ocrx_word' id='word_1_130' title='bbox 442 1116 556 1153; x_wconf 87' lang='lat' dir='ltr'>cuiuslibet</span> <span class='ocrx_word' id='word_1_131' title='bbox 568 1116 656 1153; x_wconf 90' lang='lat' dir='ltr'>alterius</span> <span class='ocrx_word' id='word_1_132' title='bbox 669 1116 758 1158; x_wconf 85' lang='lat' dir='ltr'>formae,</span> <span class='ocrx_word' id='word_1_133' title='bbox 771 1126 863 1159; x_wconf 89' lang='lat' dir='ltr'>quorum</span> <span class='ocrx_word' id='word_1_134' title='bbox 875 1116 959 1159; x_wconf 90' lang='lat' dir='ltr'>primus</span> 
     </span>
     <span class='ocr_line' id='line_1_16' title="bbox 136 1187 959 1232; baseline 0 -8"><span class='ocrx_word' id='word_1_135' title='bbox 136 1190 231 1231; x_wconf 86' lang='lat' dir='ltr'>estesse,</span> <span class='ocrx_word' id='word_1_136' title='bbox 244 1188 352 1224; x_wconf 89' lang='lat' dir='ltr'>secundus</span> <span class='ocrx_word' id='word_1_137' title='bbox 363 1191 397 1224; x_wconf 91' lang='lat' dir='ltr'>est</span> <span class='ocrx_word' id='word_1_138' title='bbox 408 1189 515 1232; x_wconf 88' lang='lat' dir='ltr'>operatio;</span> <span class='ocrx_word' id='word_1_139' title='bbox 529 1189 584 1225; x_wconf 83' lang='lat' dir='ltr'>sicut</span> <span class='ocrx_word' id='word_1_140' title='bbox 596 1188 675 1224; x_wconf 89' lang='lat' dir='ltr'>caloris</span> <span class='ocrx_word' id='word_1_141' title='bbox 688 1187 785 1231; x_wconf 87' lang='lat' dir='ltr'>operatio</span> <span class='ocrx_word' id='word_1_142' title='bbox 798 1192 830 1225; x_wconf 89' lang='lat' dir='ltr'>est</span> <span class='ocrx_word' id='word_1_143' title='bbox 842 1187 913 1224; x_wconf 84' lang='lat' dir='ltr'>facere</span> <span class='ocrx_word' id='word_1_144' title='bbox 921 1198 959 1224; x_wconf 85' lang='lat' dir='ltr'>ea-</span> 
     </span>
     <span class='ocr_line' id='line_1_17' title="bbox 135 1258 959 1304; baseline 0.001 -9"><span class='ocrx_word' id='word_1_145' title='bbox 135 1258 204 1296; x_wconf 87' lang='lat' dir='ltr'>lidum</span> <span class='ocrx_word' id='word_1_146' title='bbox 216 1263 236 1297; x_wconf 90' lang='lat' dir='ltr'>et</span> <span class='ocrx_word' id='word_1_147' title='bbox 248 1260 343 1297; x_wconf 87' lang='lat' dir='ltr'>exterior</span> <span class='ocrx_word' id='word_1_148' title='bbox 354 1260 474 1298; x_wconf 85' lang='lat' dir='ltr'>calefactio.</span> <span class='ocrx_word' id='word_1_149' title='bbox 485 1260 519 1298; x_wconf 89' lang='lat' dir='ltr'>Sic</span> <span class='ocrx_word' id='word_1_150' title='bbox 530 1260 596 1303; x_wconf 81' lang='lat' dir='ltr'>igitur</span> <span class='ocrx_word' id='word_1_151' title='bbox 606 1260 723 1297; x_wconf 84' lang='lat' dir='ltr'>habitualis</span> <span class='ocrx_word' id='word_1_152' title='bbox 734 1260 809 1303; x_wconf 80' lang='lat' dir='ltr'>gratia,</span> <span class='ocrx_word' id='word_1_153' title='bbox 821 1261 844 1296; x_wconf 92' lang='lat' dir='ltr'>in</span> <span class='ocrx_word' id='word_1_154' title='bbox 856 1262 959 1304; x_wconf 84' lang='lat' dir='ltr'>quantum</span> 
     </span>
     <span class='ocr_line' id='line_1_18' title="bbox 137 1331 959 1375; baseline 0.001 -8"><span class='ocrx_word' id='word_1_155' title='bbox 137 1331 314 1375; x_wconf 86' lang='lat' dir='ltr'>animamsanat,</span> <span class='ocrx_word' id='word_1_156' title='bbox 333 1333 366 1369; x_wconf 90' lang='lat' dir='ltr'>vel</span> <span class='ocrx_word' id='word_1_157' title='bbox 383 1332 490 1375; x_wconf 88' lang='lat' dir='ltr'>iustificat,</span> <span class='ocrx_word' id='word_1_158' title='bbox 508 1333 541 1369; x_wconf 90' lang='lat' dir='ltr'>vel</span> <span class='ocrx_word' id='word_1_159' title='bbox 557 1335 638 1375; x_wconf 78' lang='lat' dir='ltr'>gratam</span> <span class='ocrx_word' id='word_1_160' title='bbox 656 1332 700 1369; x_wconf 91' lang='lat' dir='ltr'>Deo</span> <span class='ocrx_word' id='word_1_161' title='bbox 717 1331 776 1374; x_wconf 82' lang='lat' dir='ltr'>iacit,</span> <span class='ocrx_word' id='word_1_162' title='bbox 795 1331 876 1368; x_wconf 92' lang='lat' dir='ltr'>dicitur</span> <span class='ocrx_word' id='word_1_163' title='bbox 891 1331 959 1375; x_wconf 83' lang='lat' dir='ltr'>gratia</span> 
     </span>
     <span class='ocr_line' id='line_1_19' title="bbox 136 1403 959 1448; baseline 0 -9"><span class='ocrx_word' id='word_1_164' title='bbox 136 1413 239 1448; x_wconf 81' lang='lat' dir='ltr'>operans;</span> <span class='ocrx_word' id='word_1_165' title='bbox 253 1404 381 1447; x_wconf 83' lang='lat' dir='ltr'>inquantum</span> <span class='ocrx_word' id='word_1_166' title='bbox 394 1414 446 1440; x_wconf 88' lang='lat' dir='ltr'>vero</span> <span class='ocrx_word' id='word_1_167' title='bbox 459 1407 491 1440; x_wconf 90' lang='lat' dir='ltr'>est</span> <span class='ocrx_word' id='word_1_168' title='bbox 503 1404 637 1447; x_wconf 88' lang='lat' dir='ltr'>principium</span> <span class='ocrx_word' id='word_1_169' title='bbox 651 1404 723 1447; x_wconf 88' lang='lat' dir='ltr'>operis</span> <span class='ocrx_word' id='word_1_170' title='bbox 735 1403 848 1445; x_wconf 88' lang='lat' dir='ltr'>meritorii,</span> <span class='ocrx_word' id='word_1_171' title='bbox 862 1403 920 1447; x_wconf 90' lang='lat' dir='ltr'>quod</span> <span class='ocrx_word' id='word_1_172' title='bbox 934 1415 959 1439; x_wconf 85' lang='lat' dir='ltr'>ex</span> 
     </span>
    </p>
   </div>
   <div class='ocr_carea' id='block_1_4' title="bbox 134 1474 705 1519">
    <p class='ocr_par' dir='ltr' id='par_1_4' title="bbox 134 1474 705 1519">
     <span class='ocr_line' id='line_1_20' title="bbox 134 1474 705 1519; baseline 0.004 -10"><span class='ocrx_word' id='word_1_173' title='bbox 134 1474 203 1512; x_wconf 91' lang='lat' dir='ltr'>libero</span> <span class='ocrx_word' id='word_1_174' title='bbox 217 1475 308 1512; x_wconf 86' lang='lat' dir='ltr'>arbitrio</span> <span class='ocrx_word' id='word_1_175' title='bbox 322 1476 428 1519; x_wconf 84' lang='lat' dir='ltr'>procedit,</span> <span class='ocrx_word' id='word_1_176' title='bbox 442 1476 522 1512; x_wconf 88' lang='lat' dir='ltr'>dicitur</span> <span class='ocrx_word' id='word_1_177' title='bbox 534 1486 653 1519; x_wconf 80' lang='lat' dir='ltr'>cooperans</span> <span class='ocrx_word' id='word_1_178' title='bbox 662 1488 672 1510; x_wconf 82' lang='lat'>»</span> <span class='ocrx_word' id='word_1_179' title='bbox 681 1479 705 1511; x_wconf 63' lang='lat'>⁶4.</span> 
     </span>
    </p>
   </div>
   <div class='ocr_carea' id='block_1_5' title="bbox 136 1554 961 2181">
    <p class='ocr_par' dir='ltr' id='par_1_5' title="bbox 136 1554 961 2181">
     <span class='ocr_line' id='line_1_21' title="bbox 190 1554 961 1603; baseline -0.001 -7"><span class='ocrx_word' id='word_1_180' title='bbox 190 1558 210 1596; x_wconf 91' lang='lat' dir='ltr'>S.</span> <span class='ocrx_word' id='word_1_181' title='bbox 225 1559 380 1596; x_wconf 71' lang='lat' dir='ltr'>Bannnnnmo:</span> <span class='ocrx_word' id='word_1_182' title='bbox 400 1559 539 1596; x_wconf 86' lang='lat' dir='ltr'>«Dicendum</span> <span class='ocrx_word' id='word_1_183' title='bbox 554 1559 619 1603; x_wconf 83' lang='lat' dir='ltr'>igitur</span> <span class='ocrx_word' id='word_1_184' title='bbox 634 1563 672 1603; x_wconf 81' lang='lat' dir='ltr'>est,</span> <span class='ocrx_word' id='word_1_185' title='bbox 687 1560 777 1603; x_wconf 81' lang='lat' dir='ltr'>gratiam</span> <span class='ocrx_word' id='word_1_186' title='bbox 794 1563 920 1602; x_wconf 83' lang='lat' dir='ltr'>operantem</span> <span class='ocrx_word' id='word_1_187' title='bbox 936 1554 961 1595; x_wconf 55' lang='lat' dir='ltr'>11-ss</span> 
     </span>
     <span class='ocr_line' id='line_1_22' title="bbox 136 1626 959 1675; baseline -0.001 -7"><span class='ocrx_word' id='word_1_188' title='bbox 136 1632 178 1668; x_wconf 87' lang='lat' dir='ltr'>lam</span> <span class='ocrx_word' id='word_1_189' title='bbox 191 1641 243 1674; x_wconf 86' lang='lat' dir='ltr'>esse,</span> <span class='ocrx_word' id='word_1_190' title='bbox 254 1626 310 1675; x_wconf 80' lang='lat' dir='ltr'>quae</span> <span class='ocrx_word' id='word_1_191' title='bbox 322 1630 386 1668; x_wconf 89' lang='lat' dir='ltr'>efficit</span> <span class='ocrx_word' id='word_1_192' title='bbox 398 1632 421 1667; x_wconf 92' lang='lat' dir='ltr'>in</span> <span class='ocrx_word' id='word_1_193' title='bbox 431 1631 519 1668; x_wconf 92' lang='lat' dir='ltr'>homine</span> <span class='ocrx_word' id='word_1_194' title='bbox 531 1632 625 1675; x_wconf 90' lang='lat' dir='ltr'>primum</span> <span class='ocrx_word' id='word_1_195' title='bbox 638 1634 708 1668; x_wconf 89' lang='lat' dir='ltr'>actum</span> <span class='ocrx_word' id='word_1_196' title='bbox 722 1631 851 1668; x_wconf 85' lang='lat' dir='ltr'>deliberatae</span> <span class='ocrx_word' id='word_1_197' title='bbox 864 1632 959 1668; x_wconf 82' lang='lat' dir='ltr'>volunta-</span> 
     </span>
     <span class='ocr_line' id='line_1_23' title="bbox 137 1703 959 1747; baseline 0.001 -8"><span class='ocrx_word' id='word_1_198' title='bbox 137 1703 170 1747; x_wconf 84' lang='lat' dir='ltr'>tis,</span> <span class='ocrx_word' id='word_1_199' title='bbox 181 1703 251 1747; x_wconf 89' lang='lat' dir='ltr'>qualis</span> <span class='ocrx_word' id='word_1_200' title='bbox 263 1706 294 1740; x_wconf 89' lang='lat' dir='ltr'>est</span> <span class='ocrx_word' id='word_1_201' title='bbox 305 1704 425 1746; x_wconf 85' lang='lat' dir='ltr'>conversio,</span> <span class='ocrx_word' id='word_1_202' title='bbox 437 1704 482 1740; x_wconf 87' lang='lat' dir='ltr'>sive</span> <span class='ocrx_word' id='word_1_203' title='bbox 492 1704 518 1740; x_wconf 88' lang='lat' dir='ltr'>ab</span> <span class='ocrx_word' id='word_1_204' title='bbox 528 1703 653 1740; x_wconf 84' lang='lat' dir='ltr'>infidelitate</span> <span class='ocrx_word' id='word_1_205' title='bbox 665 1703 692 1740; x_wconf 89' lang='lat' dir='ltr'>ad</span> <span class='ocrx_word' id='word_1_206' title='bbox 702 1703 773 1747; x_wconf 90' lang='lat' dir='ltr'>fidem,</span> <span class='ocrx_word' id='word_1_207' title='bbox 786 1703 830 1740; x_wconf 91' lang='lat' dir='ltr'>sive</span> <span class='ocrx_word' id='word_1_208' title='bbox 842 1714 854 1740; x_wconf 92' lang='lat' dir='ltr'>a</span> <span class='ocrx_word' id='word_1_209' title='bbox 864 1703 959 1747; x_wconf 86' lang='lat' dir='ltr'>peccatis</span> 
     </span>
     <span class='ocr_line' id='line_1_24' title="bbox 137 1769 960 1820; baseline 0 -8"><span class='ocrx_word' id='word_1_210' title='bbox 137 1776 227 1813; x_wconf 81' lang='lat' dir='ltr'>caeteris</span> <span class='ocrx_word' id='word_1_211' title='bbox 247 1777 275 1813; x_wconf 86' lang='lat' dir='ltr'>ad</span> <span class='ocrx_word' id='word_1_212' title='bbox 294 1776 460 1819; x_wconf 65' lang='lat' dir='ltr'>poenitentiam</span> <span class='ocrx_word' id='word_1_213' title='bbox 481 1769 570 1819; x_wconf 72' lang='lat' dir='ltr'>gratiam</span> <span class='ocrx_word' id='word_1_214' title='bbox 590 1787 640 1813; x_wconf 87' lang='lat' dir='ltr'>vero</span> <span class='ocrx_word' id='word_1_215' title='bbox 659 1779 811 1820; x_wconf 88' lang='lat' dir='ltr'>cooperantem</span> <span class='ocrx_word' id='word_1_216' title='bbox 830 1787 875 1814; x_wconf 89' lang='lat' dir='ltr'>esse</span> <span class='ocrx_word' id='word_1_217' title='bbox 895 1776 960 1818; x_wconf 86' lang='lat' dir='ltr'>illam,</span> 
     </span>
     <span class='ocr_line' id='line_1_25' title="bbox 137 1840 960 1892; baseline 0.001 -8"><span class='ocrx_word' id='word_1_218' title='bbox 137 1858 191 1892; x_wconf 91' lang='lat' dir='ltr'>quae</span> <span class='ocrx_word' id='word_1_219' title='bbox 206 1848 270 1884; x_wconf 87' lang='lat' dir='ltr'>efficit</span> <span class='ocrx_word' id='word_1_220' title='bbox 286 1850 441 1892; x_wconf 85' lang='lat' dir='ltr'>consequentes</span> <span class='ocrx_word' id='word_1_221' title='bbox 458 1845 517 1884; x_wconf 84' lang='lat' dir='ltr'>actus</span> <span class='ocrx_word' id='word_1_222' title='bbox 531 1848 653 1891; x_wconf 80' lang='lat' dir='ltr'>voluntatis,</span> <span class='ocrx_word' id='word_1_223' title='bbox 669 1848 742 1892; x_wconf 84' lang='lat' dir='ltr'>quales</span> <span class='ocrx_word' id='word_1_224' title='bbox 757 1851 806 1885; x_wconf 90' lang='lat' dir='ltr'>sunt</span> <span class='ocrx_word' id='word_1_225' title='bbox 821 1840 876 1886; x_wconf 81' lang='lat' dir='ltr'>velle</span> <span class='ocrx_word' id='word_1_226' title='bbox 892 1858 960 1890; x_wconf 84' lang='lat' dir='ltr'>orare,</span> 
     </span>
     <span class='ocr_line' id='line_1_26' title="bbox 137 1919 960 1964; baseline 0.001 -8"><span class='ocrx_word' id='word_1_227' title='bbox 137 1920 191 1957; x_wconf 91' lang='lat' dir='ltr'>velle</span> <span class='ocrx_word' id='word_1_228' title='bbox 204 1930 307 1964; x_wconf 83' lang='lat' dir='ltr'>quaerere</span> <span class='ocrx_word' id='word_1_229' title='bbox 322 1919 464 1961; x_wconf 78' lang='lat' dir='ltr'>sacerdotum¹</span> <span class='ocrx_word' id='word_1_230' title='bbox 477 1919 600 1957; x_wconf 79' lang='lat' dir='ltr'>vallebona</span> <span class='ocrx_word' id='word_1_231' title='bbox 614 1931 679 1963; x_wconf 89' lang='lat' dir='ltr'>opera</span> <span class='ocrx_word' id='word_1_232' title='bbox 694 1920 771 1964; x_wconf 88' lang='lat' dir='ltr'>tacere,</span> <span class='ocrx_word' id='word_1_233' title='bbox 787 1923 806 1957; x_wconf 89' lang='lat' dir='ltr'>et</span> <span class='ocrx_word' id='word_1_234' title='bbox 821 1920 858 1957; x_wconf 89' lang='lat' dir='ltr'>alii</span> <span class='ocrx_word' id='word_1_235' title='bbox 872 1920 960 1957; x_wconf 63' lang='lat' dir='ltr'>similes⁴</span> 
     </span>
     <span class='ocr_line' id='line_1_27' title="bbox 137 1992 959 2036; baseline 0.001 -8"><span class='ocrx_word' id='word_1_236' title='bbox 137 1993 195 2036; x_wconf 86' lang='lat' dir='ltr'>Quos</span> <span class='ocrx_word' id='word_1_237' title='bbox 208 1992 312 2029; x_wconf 82' lang='lat' dir='ltr'>continuo</span> <span class='ocrx_word' id='word_1_238' title='bbox 326 1994 445 2036; x_wconf 86' lang='lat' dir='ltr'>sequuntur</span> <span class='ocrx_word' id='word_1_239' title='bbox 458 1996 518 2028; x_wconf 88' lang='lat' dir='ltr'>actus</span> <span class='ocrx_word' id='word_1_240' title='bbox 532 1992 621 2035; x_wconf 83' lang='lat' dir='ltr'>externi,</span> <span class='ocrx_word' id='word_1_241' title='bbox 636 1992 665 2029; x_wconf 88' lang='lat' dir='ltr'>ita</span> <span class='ocrx_word' id='word_1_242' title='bbox 677 1996 701 2029; x_wconf 83' lang='lat' dir='ltr'>ut</span> <span class='ocrx_word' id='word_1_243' title='bbox 714 1992 783 2035; x_wconf 82' lang='lat' dir='ltr'>gratia</span> <span class='ocrx_word' id='word_1_244' title='bbox 797 2003 890 2036; x_wconf 84' lang='lat' dir='ltr'>operans</span> <span class='ocrx_word' id='word_1_245' title='bbox 904 1992 959 2029; x_wconf 87' lang='lat' dir='ltr'>nihil</span> 
     </span>
     <span class='ocr_line' id='line_1_28' title="bbox 137 2049 959 2108; baseline 0 -7"><span class='ocrx_word' id='word_1_246' title='bbox 137 2065 164 2101; x_wconf 89' lang='lat' dir='ltr'>sit</span> <span class='ocrx_word' id='word_1_247' title='bbox 176 2064 241 2108; x_wconf 89' lang='lat' dir='ltr'>aliud,</span> <span class='ocrx_word' id='word_1_248' title='bbox 254 2063 415 2101; x_wconf 64' lang='lat' dir='ltr'>nisi‘auxilium</span> <span class='ocrx_word' id='word_1_249' title='bbox 428 2063 521 2106; x_wconf 84' lang='lat' dir='ltr'>speciale</span> <span class='ocrx_word' id='word_1_250' title='bbox 535 2049 609 2101; x_wconf 84' lang='lat' dir='ltr'>efficax</span> <span class='ocrx_word' id='word_1_251' title='bbox 621 2067 720 2107; x_wconf 89' lang='lat' dir='ltr'>respectu</span> <span class='ocrx_word' id='word_1_252' title='bbox 733 2064 799 2108; x_wconf 93' lang='lat' dir='ltr'>primi</span> <span class='ocrx_word' id='word_1_253' title='bbox 813 2062 959 2101; x_wconf 66' lang='lat' dir='ltr'>&#39;actus‘volun-</span> 
     </span>
     <span class='ocr_line' id='line_1_29' title="bbox 137 2120 960 2181; baseline 0.001 -8"><span class='ocrx_word' id='word_1_254' title='bbox 137 2120 193 2181; x_wconf 83' lang='lat' dir='ltr'>tatis,</span> <span class='ocrx_word' id='word_1_255' title='bbox 208 2137 277 2181; x_wconf 82' lang='lat' dir='ltr'>gratia</span> <span class='ocrx_word' id='word_1_256' title='bbox 291 2148 342 2174; x_wconf 87' lang='lat' dir='ltr'>vero</span> <span class='ocrx_word' id='word_1_257' title='bbox 358 2146 478 2179; x_wconf 84' lang='lat' dir='ltr'>cooperans</span> <span class='ocrx_word' id='word_1_258' title='bbox 494 2136 520 2172; x_wconf 82' lang='lat' dir='ltr'>sit</span> <span class='ocrx_word' id='word_1_259' title='bbox 536 2136 639 2173; x_wconf 88' lang='lat' dir='ltr'>auxilium</span> <span class='ocrx_word' id='word_1_260' title='bbox 654 2136 747 2179; x_wconf 88' lang='lat' dir='ltr'>speciale</span> <span class='ocrx_word' id='word_1_261' title='bbox 761 2139 859 2179; x_wconf 87' lang='lat' dir='ltr'>respectu</span> <span class='ocrx_word' id='word_1_262' title='bbox 875 2140 960 2174; x_wconf 88' lang='lat' dir='ltr'>actuum</span> 
     </span>
    </p>
   </div>
   <div class='ocr_carea' id='block_1_6' title="bbox 137 2209 324 2253">
    <p class='ocr_par' dir='ltr' id='par_1_6' title="bbox 137 2209 324 2253">
     <span class='ocr_line' id='line_1_30' title="bbox 137 2209 324 2253; baseline 0.005 -9"><span class='ocrx_word' id='word_1_263' title='bbox 137 2209 272 2253; x_wconf 84' lang='lat' dir='ltr'>sequentium</span> <span class='ocrx_word' id='word_1_264' title='bbox 280 2221 291 2245; x_wconf 84' lang='lat'>»</span> <span class='ocrx_word' id='word_1_265' title='bbox 300 2212 324 2245; x_wconf 73' lang='lat'>⁶⁵.</span> 
     </span>
    </p>
   </div>
   <div class='ocr_carea' id='block_1_7' title="bbox 136 2270 960 2419">
    <p class='ocr_par' dir='ltr' id='par_1_7' title="bbox 136 2270 960 2419">
     <span class='ocr_line' id='line_1_31' title="bbox 187 2270 958 2335; baseline 0 -6"><span class='ocrx_word' id='word_1_266' title='bbox 187 2292 230 2329; x_wconf 88' lang='lat' dir='ltr'>Alii</span> <span class='ocrx_word' id='word_1_267' title='bbox 241 2292 320 2329; x_wconf 86' lang='lat' dir='ltr'>iterum</span> <span class='ocrx_word' id='word_1_268' title='bbox 331 2292 413 2328; x_wconf 90' lang='lat' dir='ltr'>habent</span> <span class='ocrx_word' id='word_1_269' title='bbox 426 2292 479 2327; x_wconf 88' lang='lat' dir='ltr'>alias</span> <span class='ocrx_word' id='word_1_270' title='bbox 493 2291 654 2335; x_wconf 79' lang='lat' dir='ltr'>explicationes,</span> <span class='ocrx_word' id='word_1_271' title='bbox 668 2292 698 2329; x_wconf 89' lang='lat' dir='ltr'>ita</span> <span class='ocrx_word' id='word_1_272' title='bbox 711 2295 734 2328; x_wconf 93' lang='lat' dir='ltr'>ut</span> <span class='ocrx_word' id='word_1_273' title='bbox 747 2292 769 2328; x_wconf 91' lang='lat' dir='ltr'>in</span> <span class='ocrx_word' id='word_1_274' title='bbox 783 2270 874 2335; x_wconf 80' lang='lat' dir='ltr'>singulis</span> <span class='ocrx_word' id='word_1_275' title='bbox 888 2295 958 2329; x_wconf 85' lang='lat' dir='ltr'>aucto·</span> 
     </span>
     <span class='ocr_line' id='line_1_32' title="bbox 136 2363 960 2419; baseline 0 -19"><span class='ocrx_word' id='word_1_276' title='bbox 136 2364 196 2419; x_wconf 84' lang='lat' dir='ltr'>ribus</span> <span class='ocrx_word' id='word_1_277' title='bbox 209 2365 264 2402; x_wconf 86' lang='lat' dir='ltr'>bene</span> <span class='ocrx_word' id='word_1_278' title='bbox 278 2363 433 2413; x_wconf 83' lang='lat' dir='ltr'>attendendum</span> <span class='ocrx_word' id='word_1_279' title='bbox 447 2363 479 2405; x_wconf 78' lang='lat' dir='ltr'>sit.</span> <span class='ocrx_word' id='word_1_280' title='bbox 494 2363 602 2406; x_wconf 90' lang='lat' dir='ltr'>quomodo</span> <span class='ocrx_word' id='word_1_281' title='bbox 616 2365 672 2400; x_wconf 84' lang='lat' dir='ltr'>hanc</span> <span class='ocrx_word' id='word_1_282' title='bbox 689 2364 818 2401; x_wconf 87' lang='lat' dir='ltr'>divisionem</span> <span class='ocrx_word' id='word_1_283' title='bbox 833 2364 960 2406; x_wconf 69' lang='lat' dir='ltr'>intelligant.</span> 
     </span>
    </p>
   </div>
   <div class='ocr_carea' id='block_1_8' title="bbox 137 2578 959 2739">
    <p class='ocr_par' dir='ltr' id='par_1_8' title="bbox 137 2578 959 2739">
     <span class='ocr_line' id='line_1_33' title="bbox 183 2578 959 2621; baseline 0.003 -9"><span class='ocrx_word' id='word_1_284' title='bbox 183 2585 201 2606; x_wconf 70' lang='lat'>⁶4</span> <span class='ocrx_word' id='word_1_285' title='bbox 216 2582 232 2613; x_wconf 89' lang='lat' dir='ltr'>S.</span> <span class='ocrx_word' id='word_1_286' title='bbox 242 2581 277 2612; x_wconf 91' lang='lat' dir='ltr'>Th.</span> <span class='ocrx_word' id='word_1_287' title='bbox 287 2581 303 2619; x_wconf 89' lang='lat'>1,</span> <span class='ocrx_word' id='word_1_288' title='bbox 314 2582 324 2612; x_wconf 84' lang='lat'>2</span> <span class='ocrx_word' id='word_1_289' title='bbox 334 2590 352 2619; x_wconf 91' lang='lat' dir='ltr'>q.</span> <span class='ocrx_word' id='word_1_290' title='bbox 363 2578 395 2612; x_wconf 85' lang='lat'>111</span> <span class='ocrx_word' id='word_1_291' title='bbox 406 2589 422 2612; x_wconf 85' lang='lat' dir='ltr'>a.</span> <span class='ocrx_word' id='word_1_292' title='bbox 432 2580 449 2611; x_wconf 84' lang='lat'>2.</span> <span class='ocrx_word' id='word_1_293' title='bbox 458 2598 482 2602; x_wconf 82' lang='lat'>—</span> <span class='ocrx_word' id='word_1_294' title='bbox 490 2580 517 2611; x_wconf 89' lang='lat' dir='ltr'>De</span> <span class='ocrx_word' id='word_1_295' title='bbox 527 2589 586 2612; x_wconf 87' lang='lat' dir='ltr'>sensu</span> <span class='ocrx_word' id='word_1_296' title='bbox 595 2580 654 2612; x_wconf 89' lang='lat' dir='ltr'>huius</span> <span class='ocrx_word' id='word_1_297' title='bbox 664 2579 829 2621; x_wconf 67' lang='lat' dir='ltr'>divisionis&#39;apud</span> <span class='ocrx_word' id='word_1_298' title='bbox 839 2589 854 2612; x_wconf 76' lang='lat' dir='ltr'>s,</span> <span class='ocrx_word' id='word_1_299' title='bbox 863 2579 959 2614; x_wconf 74' lang='lat' dir='ltr'>rhomam</span> 
     </span>
     <span class='ocr_line' id='line_1_34' title="bbox 137 2639 615 2679; baseline -0.002 -6"><span class='ocrx_word' id='word_1_300' title='bbox 137 2648 208 2679; x_wconf 79' lang='lat' dir='ltr'>magna</span> <span class='ocrx_word' id='word_1_301' title='bbox 220 2642 250 2673; x_wconf 91' lang='lat' dir='ltr'>est</span> <span class='ocrx_word' id='word_1_302' title='bbox 261 2640 380 2679; x_wconf 86' lang='lat' dir='ltr'>disputatio;</span> <span class='ocrx_word' id='word_1_303' title='bbox 393 2639 418 2671; x_wconf 88' lang='lat' dir='ltr'>cf.</span> <span class='ocrx_word' id='word_1_304' title='bbox 431 2639 499 2678; x_wconf 85' lang='lat' dir='ltr'>Lange,</span> <span class='ocrx_word' id='word_1_305' title='bbox 512 2649 541 2671; x_wconf 88' lang='lat' dir='ltr'>nr.</span> <span class='ocrx_word' id='word_1_306' title='bbox 553 2639 587 2673; x_wconf 82' lang='lat'>598</span> <span class='ocrx_word' id='word_1_307' title='bbox 601 2649 615 2672; x_wconf 85' lang='lat' dir='ltr'>s.</span> 
     </span>
     <span class='ocr_line' id='line_1_35' title="bbox 185 2699 696 2739; baseline -0.002 -6"><span class='ocrx_word' id='word_1_308' title='bbox 185 2704 203 2726; x_wconf 65' lang='lat'>⁶5</span> <span class='ocrx_word' id='word_1_309' title='bbox 215 2701 243 2733; x_wconf 84' lang='lat' dir='ltr'>De</span> <span class='ocrx_word' id='word_1_310' title='bbox 258 2701 321 2738; x_wconf 81' lang='lat' dir='ltr'>gratia</span> <span class='ocrx_word' id='word_1_311' title='bbox 334 2703 352 2732; x_wconf 90' lang='lat' dir='ltr'>et</span> <span class='ocrx_word' id='word_1_312' title='bbox 365 2699 427 2732; x_wconf 86' lang='lat' dir='ltr'>libero</span> <span class='ocrx_word' id='word_1_313' title='bbox 443 2699 524 2732; x_wconf 85' lang='lat' dir='ltr'>arbitrio</span> <span class='ocrx_word' id='word_1_314' title='bbox 538 2699 573 2733; x_wconf 84' lang='lat' dir='ltr'>lib.</span> <span class='ocrx_word' id='word_1_315' title='bbox 587 2700 595 2732; x_wconf 80' lang='lat' dir='ltr'>i</span> <span class='ocrx_word' id='word_1_316' title='bbox 612 2710 652 2739; x_wconf 87' lang='lat' dir='ltr'>cap.</span> <span class='ocrx_word' id='word_1_317' title='bbox 662 2701 696 2733; x_wconf 80' lang='grc'>-14,</span> 
     </span>
    </p>
   </div>
   <div class='ocr_carea' id='block_1_9' title="bbox 0 0 987 3093">
    <p class='ocr_par' dir='ltr' id='par_1_9' title="bbox 0 0 987 3093">
     <span class='ocr_line' id='line_1_36' title="bbox 0 0 987 3093; baseline 0 0"><span class='ocrx_word' id='word_1_318' title='bbox 0 0 987 3093; x_wconf 95' lang='lat' dir='ltr'> </span> 
     </span>
    </p>
   </div>
  </div>
 </body>
</html>
