1952 3093
436 343 488 379 Doc.
505 343 625 380 Eccrusmn
662 347 664 349 '

102 513 105 518 ι
166 488 286 525 morcarus
299 498 345 531 cap.
359 488 381 524 5:
398 486 479 531 «Quod
492 487 565 524 omnia
578 487 649 524 studia
662 491 682 523 et
694 484 767 524 omnia
780 498 846 531 opera
859 499 884 524 ac
897 499 939 526 me·

120 560 161 598 rita
174 559 302 598 Sanctorum
315 559 342 597 ad
355 559 395 596 Dei
406 560 497 603 gloriam
510 559 638 602 laudemque
650 559 764 596 referenda
777 559 830 604 siut;
844 559 895 604 qui-a
907 570 943 597 ne-

117 643 152 670 mo
164 632 251 670 aliunde
262 631 282 669 ei
293 632 371 675 placet,
382 631 425 668 nisi
434 643 461 668 cx
473 642 504 675 eo,
513 631 572 675 quod
582 631 629 675 ipse
641 631 773 669 donarent»
782 634 806 670 ³⁷.
815 654 842 659 —
853 631 904 676 Cap.
916 632 938 669 8:

118 704 215 742 Ecclesia
230 707 283 748 orat,
301 707 344 741 «ut
357 703 481 741 infidelibus
497 703 589 741 donetur
604 702 664 749 fides,
680 708 704 741 ut
717 703 845 742 idololatrae
860 704 887 741 ab
903 705 941 741 im-

117 777 204 821 pietatis
216 787 266 814 suae
277 776 398 813 liberentur
410 762 525 819 erroribus,
537 780 561 813 ut
571 775 656 813 ludaeis
667 776 738 813 ablato
750 776 823 815 cordis
835 777 941 814 velamine

117 850 154 886 lux
166 849 264 886 veritatis
278 852 388 894 appareat,
401 852 424 886 ut
437 848 542 885 haeretici
557 848 677 886 catholicae
690 848 741 885 fidei
755 849 896 893 perceptione
909 859 941 886 re-

117 920 228 966 sipiscant,
244 924 267 959 ut
280 920 415 958 schismatici
431 920 531 964 spiritum
547 920 658 959 redivivae
674 920 772 958 caritatis
785 920 901 965 accipiant,
917 925 940 958 ut

115 993 183 1037 lapsis
197 993 345 1037 poenitentiae
359 992 456 1030 remedia
471 992 617 1036 conterantur,
631 995 654 1029 ut
670 993 762 1037 denique
778 993 939 1031 catechumenis

116 1065 144 1102 ad
155 1065 325 1109 regenerationis
337 1067 471 1103 sacramenta
482 1065 594 1108 perductis
605 1065 704 1102 coelestis
716 1065 880 1103 misericordiae
891 1066 939 1102 aula

116 1140 230 1175 reseretur.
246 1137 304 1174 Haec
319 1141 390 1174 autem
404 1148 447 1174 non
462 1136 611 1180 perfunctorie
625 1148 694 1181 neque
710 1137 806 1174 inaniter
819 1148 831 1174 a
845 1137 939 1174 Domino

116 1208 167 1253 peti,
187 1220 259 1247 rerum
278 1209 375 1253 ipsarum
393 1212 497 1246 monstrat
517 1208 617 1246 effectus:
639 1210 815 1253 quandoquidem
835 1221 861 1246 ex
879 1210 938 1246 omni

117 1291 214 1318 errorum
228 1290 306 1324 genere
320 1281 426 1325 plurimos
440 1281 497 1318 Deus
512 1281 613 1324 dignatur
628 1281 742 1325 attrahere,
755 1292 809 1325 quos
825 1284 896 1319 erutos
913 1281 939 1319 de

117 1357 222 1397 potestate
239 1354 377 1391 tenebrarum
394 1353 510 1391 transferat
529 1354 551 1390 iu
569 1363 658 1397 regnum
677 1353 727 1390 Filii
747 1354 843 1390 caritatis
860 1356 942 1395 suaeiss,

118 1429 138 1463 et
148 1437 174 1464 ex
185 1426 243 1463 vasis
252 1426 297 1463 irae
308 1426 375 1463 faciat
385 1435 435 1464 vasa
446 1425 609 1463 misericordiae
618 1428 641 1464 ³⁹.
652 1425 713 1469 Quod
724 1426 778 1463 adeo
790 1428 858 1463 totum
870 1425 940 1463 divini

118 1498 191 1541 operis
204 1509 251 1535 esse
264 1498 362 1541 sentitur,
376 1501 399 1535 ut
412 1498 466 1535 haec
480 1497 581 1534 efficienti
595 1498 639 1535 Deo
654 1498 771 1541 gratiarum
785 1508 870 1541 semper
884 1498 940 1535 actio

117 1569 230 1615 laudisque
248 1570 357 1607 confessio
375 1580 415 1613 pro
432 1569 591 1607 illuminatione
609 1569 684 1607 talium
702 1570 736 1606 vel
755 1570 890 1607 correctione
910 1581 940 1607 re-

118 1642 251 1680 feraturvrffl.
265 1665 293 1669 —
307 1641 357 1684 Cap.
373 1641 395 1679 9:
414 1641 501 1678 «Tanta
516 1641 574 1678 enim
588 1645 621 1679 est
636 1650 686 1685 erga
700 1652 775 1680 omnes
790 1641 890 1678 homines
904 1642 940 1679 ho-

117 1713 175 1751 nitas
186 1714 232 1757 Dei,
243 1718 267 1752 ut
278 1716 352 1750 nostra
365 1713 417 1750 velit
429 1723 474 1750 esse
486 1714 568 1756 merita,
581 1724 635 1758 quae
649 1716 698 1751 sunt
710 1713 780 1757 ipsius
794 1714 856 1757 dona,
869 1717 890 1750 et
899 1724 940 1757 pro

117 1779 228 1830 hisquae
241 1786 331 1828 largitus
346 1788 383 1828 est,
399 1788 485 1821 aeterna
500 1785 598 1828 praemia
614 1785 641 1822 sit
656 1785 780 1823 donaturus.
796 1785 845 1829 Agit
857 1785 940 1830 quippe

118 1858 141 1897 in
156 1857 225 1913 nohis,
238 1860 267 1903 ut,
281 1857 341 1901 quod-
353 1857 404 1900 vult,
419 1860 439 1893 et
453 1857 543 1894 velimus
557 1860 579 1893 et
594 1867 687 1901 agamus,
702 1868 742 1894 nec
756 1857 825 1894 otiosa
839 1858 862 1893 in
878 1857 940 1894 nobis

118 1940 164 1967 esse
180 1929 268 1973 patitur,
284 1939 338 1973 quae
356 1929 482 1971 exercenda,
500 1939 543 1965 non
561 1929 694 1972 negligenda,
711 1929 806 1973 donavit,
824 1933 846 1966 ut
864 1932 884 1966 et
901 1940 940 1966 nos

117 2003 268 2044 cooperatores
282 2001 349 2037 simus
363 2000 444 2043 gratiae
458 2000 550 2037 Dei»41.

170 2072 337 2109 arausicanum.
351 2072 401 2109 Can.
413 2072 436 2108 3:
453 2071 526 2109 Gratia
538 2072 596 2116 facit,
610 2076 633 2109 ut
645 2072 702 2109 Deus
716 2084 728 2109 a
742 2072 805 2110 nohis
817 2074 939 2116 invocetur;

118 2153 165 2183 can.
180 2144 202 2181 4:
219 2143 260 2181 Per
274 2143 368 2187 Spiritus
383 2144 456 2181 Sancti
470 2143 636 2187 inspirationem
651 2145 675 2180 in
690 2145 753 2181 nobis
768 2144 798 2187 fit,
813 2147 836 2181 ut
849 2144 940 2181 velimus

116 2216 215 2260 purga1·i;
230 2226 277 2252 can.
291 2215 313 2252 o:
330 2216 416 2252 Donum
428 2215 509 2258 gratiae
521 2218 559 2259 est,
572 2218 595 2252 ut
610 2216 676 2253 simus
691 2216 823 2259 obedientes,
837 2216 939 2260 humiles;

117 2298 164 2325 can.
178 2288 201 2326 9:
217 2288 266 2325 «De
279 2287 389 2325 adiutorio
402 2287 448 2325 Dei.
461 2286 536 2323 Divini
550 2291 582 2325 est
595 2288 698 2331 muneris,
714 2298 762 2325 cum
777 2291 798 2325 et
812 2291 869 2325 recte
883 2288 940 2331 cogi·

117 2363 192 2404 tamus,
205 2362 225 2397 et
237 2360 303 2404 pedes
317 2362 402 2396 nostros
415 2370 427 2395 a
440 2358 533 2396 falsitate
546 2362 567 2396 et
579 2359 686 2415 iniustitia
699 2360 843 2405 continemus
856 2360 940 2404 quoties

164 2508 180 2529 ³⁷
194 2504 246 2537 Denz
260 2504 300 2538 134.
341 2529 343 2535 .

164 2568 182 2590 ³⁸
195 2565 230 2598 Col
242 2566 258 2604 1,
270 2564 287 2598 3.

164 2629 181 2650 ³⁹
194 2625 244 2659 Rom
258 2626 275 2665 9,
289 2626 311 2658 22
326 2636 340 2658 s.

164 2690 182 2711 4⁰
194 2686 246 2719 Denz
260 2685 300 2719 139,

164 2751 180 2771 u
194 2746 246 2779 Denz
262 2746 302 2780 141.
