1952 3093
422 67 543 107 *345-

67 193 90 228 ut
102 191 173 232 nomo,
185 199 248 234 quem
263 191 340 231 movet,
354 190 493 226 convertatur
504 191 524 226 et
536 187 572 232 pie
586 191 704 233 opereturf
712 197 752 225 nec
765 187 891 226 huiusmodi

67 260 160 300 efficacia
177 261 221 298 ullo
239 261 303 298 modo
322 260 436 306 dependet,
453 261 518 299 etiam
537 264 645 305 tamquam
663 271 676 297 a
694 259 824 298 condicione
843 259 889 297 sine

65 344 107 379 qua
123 344 173 377 non,
189 344 215 370 ex
232 333 304 370 futura
320 333 473 376 cooperatione
490 332 576 370 arbitrii
592 333 665 376 creati,
681 333 733 369 licet
750 335 811 370 actus
826 332 889 374 liber,

65 417 107 451 quo
120 408 244 449 perseverat
255 404 327 448 horno,
339 405 365 442 ab
379 405 425 443 eius
439 405 529 442 arbitrio
542 407 600 443 moto
613 416 625 442 a
637 405 683 442 Deo
697 404 796 442 effective
811 404 889 449 depen-

69 480 116 516 11111
125 491 135 513 »
144 481 167 513 ⁵³.
186 477 392 514 Praedeterminatio
412 478 527 515 voluntatis
548 481 633 515 nostrae
653 477 772 514 intrinseca
793 476 835 513 «111
853 486 893 521 per

66 550 183 588 motionem
195 549 307 593 praeviam
319 549 341 585 in
353 550 463 586 voluntate
476 552 591 594 receptam,
605 549 666 587 cuius
675 549 747 586 virtus
760 552 781 586 et
794 547 889 586 efficacia

66 622 92 660 ab
105 621 199 659 efficacia
213 620 300 659 divinae
312 621 429 658 voluntatis
443 621 550 665 dependet
558 633 569 656 »
577 624 602 658 ⁵⁸.
615 621 696 666 «Quod
710 631 759 665 ergo
773 620 889 658 asserimus

66 694 88 730 in
103 693 243 731 conclusione
258 696 295 736 est,
310 693 378 730 Deum
394 693 489 731 motione
504 694 599 737 praevia,
614 704 655 738 qua
673 693 802 731 determinat
815 693 890 730 volun-

67 768 131 803 tatem
144 765 172 803 ad
184 765 325 809 operandum,
338 776 384 803 esse
397 775 483 802 causam
496 775 539 802 non
553 766 622 803 solum
634 766 737 802 moralem
750 776 790 809 per
802 765 890 802 modurn

67 836 189 880 allicientis,
203 836 346 880 consiliantis‚
362 837 479 879 suadentis,
492 848 529 874 seu
543 837 706 881 quomodolibet
720 836 784 876 etiam
799 836 890 874 interius

67 909 177 947 moraliter
189 908 305 953 moventis;
317 909 356 947 sed
368 908 433 946 etiam
444 920 484 953 per
495 909 583 946 modum
596 908 735 953 perficientis,
749 920 786 946 seu
797 919 837 953 per
847 919 891 946 mo-

68 982 118 1019 durn
129 991 205 1018 causae
216 991 266 1018 vere
276 984 297 1019 et
306 981 396 1025 proprie
407 980 520 1019 efficientis
531 981 663 1018 voluntatem
673 981 727 1019 velle
738 981 779 1018 hoc
792 981 825 1018 vel
837 980 891 1018 illud

68 1053 147 1091 honum
164 1035 384 1096 tn‘particutarisn.
402 1053 478 1090 «Deus
496 1053 574 1090 actuali
592 1052 688 1091 motione
704 1052 786 1090 efficaci
803 1052 830 1090 ad
848 1063 892 1090 mo-

69 1125 119 1162 durn
133 1135 210 1161 causae
222 1124 333 1168 physicae,
346 1125 360 1162 1.
374 1135 391 1162 e.
404 1135 454 1162 vere
468 1124 586 1162 efficienter
598 1124 783 1168 praedeterminat
796 1124 892 1161 hominis

69 1196 200 1234 voluntatem
218 1195 245 1233 ad
262 1196 343 1233 liberos
359 1199 420 1233 actus
437 1196 513 1241 bonos,
530 1200 554 1234 ut
569 1197 669 1234 voluntas
679 1199 745 1233 ‘mota
762 1207 774 1233 a
791 1196 837 1233 Deo
852 1205 893 1240 per
953 1183 955 1187 ¹

68 1267 193 1305 huiusmodi
205 1268 315 1311 auxilium,
329 1279 351 1306 se
364 1268 432 1306 libere
445 1272 465 1305 et
477 1268 624 1306 infallibiliter
637 1268 766 1305 determinet
780 1269 807 1305 ad
821 1270 892 1305 actum

70 1339 188 1376 secundum
202 1339 270 1377 libere
284 1339 449 1383 producendum
457 1353 468 1376 »
476 1344 501 1377 ⁶⁰.

124 1411 197 1449 Gratia
213 1411 321 1449 sufficiens
336 1411 366 1449 ita
382 1411 516 1455 concipitur:
537 1425 547 1447 «
555 1411 586 1448 Ex
602 1412 637 1448 his
654 1412 777 1456 principiis,
794 1423 848 1457 quae
864 1413 894 1451 10-

71 1494 119 1520 cum
131 1482 211 1520 habent
222 1483 244 1519 in
256 1478 316 1521 omni
327 1486 389 1529 statu,
401 1484 499 1521 inferunt
509 1483 624 1522 themistae
635 1484 780 1530 necessariam
792 1495 838 1521 esse
850 1487 894 1521 tam

71 1555 93 1591 in
109 1557 164 1592 statu
180 1554 325 1599 innocentiae,
340 1565 405 1600 quam
418 1555 441 1591 in
458 1558 514 1592 statu
528 1558 618 1593 naturae
632 1555 706 1599 lapsae
724 1555 833 1599 duplicem
849 1565 894 1600 gra-

72 1626 124 1663 tiam
137 1626 160 1662 in
173 1625 251 1664 ordine
265 1626 406 1664 adsalutem:
422 1628 510 1664 alteram
524 1627 596 1664 minus
609 1627 729 1671 perfectam
743 1630 764 1666 et
775 1628 847 1665 minus
861 1638 896 1665 va-

72 1698 145 1741 lidam,
164 1709 218 1750 quae
236 1698 272 1736 dat
289 1701 373 1735 tantum
389 1709 460 1742 posse,
479 1698 586 1736 elevat-et
603 1698 677 1736 reddit
693 1698 804 1736 hominem
822 1702 895 1743 aptum

74 1771 130 1807 actui
146 1770 312 1814 supernaturali,
329 1774 349 1808 et
364 1775 453 1808 vocatur
469 1771 586 1815 sufficiens3
603 1772 692 1808 alteram
707 1770 861 1814 perfectiorem
878 1774 898 1808 et

74 1842 209 1887 validiorem,
222 1852 277 1887 quae
290 1841 410 1886 potentiam
424 1842 554 1880 determinat
566 1846 587 1881 et
601 1843 686 1881 confert
699 1843 813 1886 actionem,
828 1846 848 1880 et
862 1854 897 1881 vo-

75 1916 135 1951 catur
147 1913 231 1960 efficax;
244 1914 275 1952 ita
287 1917 311 1951 ut
323 1924 433 1959 nunquam
448 1915 564 1959 contingat,
578 1914 636 1959 quod
649 1915 703 1952 haec
715 1914 818 1958 potentia,
833 1925 897 1960 quam

75 1986 160 2024 confert
171 1986 240 2029 gratia
253 1985 367 2029 sufficiens,
380 1990 428 2030 agat
442 1989 478 2023 aut
490 1986 587 2024 obtineat
599 1997 660 2023 suum
674 1986 820 2030 principalem
834 1990 854 2024 et
866 1985 897 2024 111-

73 2058 149 2095 timum
165 2057 265 2095 effectum
280 2057 323 2095 nisi
337 2069 377 2101 ope
392 2058 473 2101 gratiae
489 2058 588 2101 efficacis,
604 2058 700 2102 alioquin
716 2058 773 2095 Deus
789 2058 897 2096 desineret

75 2140 120 2167 esse
136 2140 200 2167 causa
214 2130 285 2173 prima
301 2134 321 2167 et
335 2129 461 2167 immediata
476 2130 588 2167 actionis...
597 2142 607 2166 »
616 2134 640 2166 ⁶1.

128 2201 244 2239 «Dicimus
255 2201 327 2245 itaque
339 2202 436 2247 gratiam,
449 2212 504 2246 quae
516 2201 547 2239 sic
561 2202 597 2239 dat
608 2202 692 2239 homini
705 2202 828 2240 facultatem
842 2203 897 2240 hene

75 2273 158 2317 agendi,
172 2277 195 2310 ut
208 2273 226 2310 si
240 2284 283 2310 non
296 2276 349 2318 agat,
364 2284 407 2311 non
421 2274 471 2311 ideo
485 2274 513 2311 sit
525 2274 576 2318 quia
590 2285 632 2312 non
645 2276 722 2318 potest,
736 2275 774 2312 sed
788 2274 839 2320 quia
853 2285 896 2312 non

74 2345 127 2390 vult3
144 2345 242 2389 dicimus,
256 2345 351 2389 inquam,
365 2346 428 2383 talem
443 2346 533 2388 gratiam
546 2347 636 2389 proprio
649 2348 670 2383 et
683 2346 776 2384 naturali
790 2357 854 2384 sensu
869 2350 897 2383 at-

124 2488 141 2509 51
154 2484 241 2524 Alvarcz,
254 2484 282 2517 De
296 2483 377 2518 auxiliis
392 2483 470 2517 divinae
484 2484 564 2522 gratiae,
579 2483 628 2522 disp.
643 2483 683 2521 122,
696 2493 726 2517 nr.
741 2484 768 2517 tt.

124 2548 141 2570 ⁵8
154 2544 203 2577 Ihid.
218 2544 267 2584 disp.
283 2544 311 2584 21,
326 2554 355 2577 nr.
371 2544 399 2577 13.

124 2609 141 2630 ‘³⁰
154 2605 208 2645 Disp.
222 2605 250 2644 23,
265 2615 295 2638 nr.
309 2604 337 2638 17.

124 2670 141 2690 ⁶⁰
155 2665 204 2698 lbid.
219 2665 268 2704 disp.
281 2665 310 2705 23,
323 2675 352 2698 nr.
367 2665 395 2699 19.
551 2705 553 2711 y

125 2730 141 2750 ⁶⁵1
155 2725 245 2764 Billnart,
260 2725 363 2758 Tractatus
378 2725 401 2758 de
415 2726 484 2764 gratia,
499 2713 571 2759 disat
586 2729 622 2759 art.
637 2726 647 2759 2
663 2726 671 2765 §
686 2726 720 2759 11.Ἰ
