1952 3093
469 24 590 62 -102—

119 144 282 183 distinctionem
300 145 388 183 omnino
405 144 473 189 magis
491 144 626 189 probabilem
644 145 722 189 reddit,
739 149 759 184 et
777 146 867 190 accedit,
886 148 944 191 quod

119 218 171 255 haec
189 219 294 256 sententia
312 230 370 257 nune
388 219 415 256 sit
431 219 499 263 magis
515 218 643 256 eommunis.

171 291 284 329 Rationem
299 293 355 329 hane
370 292 464 330 Peseh³4
480 293 509 330 ita
526 292 625 336 exponit:
644 292 726 329 «Prius
742 297 774 330 est
789 295 866 329 natura
881 304 945 337 quam

119 363 205 400 habitus
218 366 316 400 naturam
329 364 547 409 pe1·ficiemes;prius
561 368 592 401 est
603 365 736 409 principum,
747 376 789 409 quo
802 366 851 409 quis
862 365 885 401 in
898 376 944 402 esse

120 435 264 479 constituitur,
276 447 341 479 quam
353 448 395 480 quo
407 437 455 480 quis
466 437 565 480 proxime
579 437 703 480 disponitur
716 438 743 474 ad
755 437 867 480 agendum.
880 436 944 482 Atqui

120 506 198 544 caritas
212 511 243 544 est
256 508 342 546 habitus
356 509 479 552 operativus
494 509 611 552 disponens
625 509 735 546 hominem
750 509 777 545 ad
790 509 858 545 Deum
872 519 945 552 super-

117 578 244 618 naturaliter
252 581 375 619 amandum.
383 581 439 626 Ergo
449 575 496 626 ipsa
504 581 608 626 supponit
615 581 658 619 iam
668 584 766 619 naturam
775 581 880 626 altiorem,
888 593 942 627 quae

122 654 184 690 datur
195 665 234 697 per
243 655 333 697 gratiam
345 656 521 693 sanctificantem.
533 655 581 692 Non
592 658 624 693 est
633 656 720 700 quidem
732 655 838 693 oblivioni
851 655 945 693 dandum

121 728 208 763 uomina
221 727 334 764 habituum
347 731 367 764 et
379 731 467 765 naturae
479 729 507 764 ad
518 728 617 765 ordinem
630 729 750 765 naturalem
763 731 783 765 et
796 731 946 771 supernatura-

121 799 162 835 lem
175 809 218 835 non
230 799 322 836 univoce
333 800 371 836 sed
382 800 492 842 analogice
505 800 636 843 applicanda
646 810 701 843 esse;
714 810 764 837 nam
775 803 795 836 et
805 799 880 843 gratia,
892 811 946 844 quae

122 871 157 907 dat
170 874 269 907 naturam
282 871 386 914 altiorem,
401 875 433 908 est
447 871 548 908 accidens
561 871 676 914 perficiens
690 872 810 908 naturalem
824 871 945 914 essentiam,

122 946 142 980 et
157 943 244 981 habitus
260 944 434 987 supernaturales
450 946 499 980 sunt
515 943 556 980 alia
573 943 701 987 accidentia,
717 954 771 988 quae
788 953 831 980 non
849 943 901 980 dant
917 944 946 980 ta-

122 1017 225 1054 eilitatem
242 1017 279 1054 sed
295 1017 414 1061 potentiam
431 1016 623 1061 supernaturaliter
640 1016 727 1061 agendi,
745 1017 802 1054 unde
819 1016 883 1053 etiam
900 1015 946 1054 fieri

122 1092 199 1132 potest,
211 1093 234 1126 ut
246 1089 368 1126 accidentia
381 1090 492 1132 operativa
504 1089 547 1127 sint
559 1090 581 1125 in
596 1089 699 1132 subiecto,
710 1089 733 1125 in
745 1100 787 1133 quo
801 1089 860 1126 deest
872 1089 946 1132 gratia,

122 1164 145 1198 ut
157 1164 241 1198 constat
254 1162 280 1198 de
291 1161 333 1197 fide
345 1164 365 1198 et
377 1172 421 1205 spe,
433 1161 483 1205 quia
496 1172 539 1198 non
553 1161 635 1198 suntin
648 1160 716 1204 gratia
730 1160 877 1198 sanctificante
889 1163 911 1198 ut
924 1161 945 1197 in

123 1232 219 1270 subiecto
232 1233 270 1269 sed
283 1233 306 1269 in
320 1233 423 1275 potentiis
436 1232 576 1269 naturalibus,
590 1233 662 1276 Neque
677 1232 742 1275 igitur
757 1234 905 1275 argumentum
918 1232 947 1268 ita

123 1304 291 1348 concipiendum
305 1307 342 1348 est,
355 1304 417 1348 quasi
431 1315 456 1341 ex
469 1303 561 1347 physica
572 1314 644 1341 rerum
657 1306 734 1340 natura
747 1313 791 1340 non
803 1304 875 1340 minus
888 1303 947 1340 hahi-

123 1380 156 1414 tus
172 1377 345 1421 supernaturales
360 1377 525 1421 praerequirant
538 1377 635 1421 gratiam,
650 1386 714 1421 quam
729 1375 838 1419 potentiae
854 1379 874 1413 et
888 1375 947 1413 habi-

123 1454 156 1488 tus
169 1451 277 1488 naturales
291 1450 458 1495 praerequirunt
472 1453 576 1487 naturam.
589 1448 626 1486 Vis
640 1450 759 1493 argumenti
773 1448 845 1492 potius
860 1449 947 1486 moralis

124 1526 161 1562 ost.
173 1523 224 1567 quia
237 1533 280 1560 non
294 1523 355 1560 decet
381 1523 509 1565 sapientiam
523 1522 619 1558 divinam
633 1522 749 1558 infundere
763 1520 885 1558 accidentia
899 1532 948 1564 ope-

124 1595 192 1631 rativa
206 1595 385 1637 supernaturalia,
399 1594 525 1637 priusquam
538 1593 623 1630 homini
638 1593 722 1630 dederit
735 1595 833 1629 naturam
847 1603 948 1636 superna·

122 1666 219 1709 turalem‚
232 1666 250 1702 si
263 1666 293 1702 ita
305 1666 365 1709 loqui
378 1665 435 1702 licet.
447 1664 510 1701 Prius
523 1665 580 1701 enirn
594 1665 658 1701 homo
671 1664 733 1701 debet
747 1675 793 1701 esse
807 1664 888 1700 amicus
900 1664 945 1705 Dei,

124 1749 187 1782 quam
204 1740 251 1782 agat
264 1741 287 1775 ut
303 1738 385 1776 amicus
400 1739 438 1776 Dei
449 1752 466 1776 ».

122 1936 197 1972 ΤΗΕ513
210 1937 230 1972 5;
244 1936 266 1970 In
280 1936 428 1970 iustificatione
435 1936 551 1989 peecatoris
564 1937 641 1970 donum
652 1937 768 1970 increatum
781 1938 848 1976 datur,
859 1937 948 1977 spirtius

170 1996 260 2029 Sanctus
272 1995 399 2030 inhabitans.

178 2113 263 2148 Donum
276 2112 395 2148 increatum
410 2115 441 2148 est
454 2111 500 2154 ipse
514 2113 576 2153 Deus,
591 2123 627 2148 eus
641 2123 652 2147 a
665 2124 693 2149 se,
706 2113 782 2148 Thesis
797 2122 846 2155 ergo
859 2113 949 2149 affirmat

125 2184 192 2221 Deum
205 2195 227 2221 se
240 2184 311 2228 ipsum
326 2185 348 2221 in
363 2184 515 2221 iustificatione
529 2185 650 2227 peccatoris
664 2185 744 2222 donare
759 2184 813 2221 etin
829 2196 853 2222 eo
866 2194 948 2228 perma-

124 2267 181 2300 nere,
199 2256 327 2295 inhabitare.
345 2257 401 2294 Deus
419 2266 469 2300 ergo
485 2267 542 2294 novo
561 2261 580 2294 et
598 2257 688 2300 speciali
707 2258 771 2294 modo
790 2245 813 2294 in
831 2257 945 2295 iustificato

126 2335 228 2371 praesens
241 2335 278 2368 est.
291 2330 312 2368 Si
325 2330 381 2367 Deus
394 2340 497 2373 praesens
509 2330 531 2366 fit
542 2330 622 2367 alieubi
635 2331 671 2374 ita,
682 2334 705 2367 ut
717 2334 779 2367 antea
790 2341 893 2374 praesens
906 2339 948 2367 non

126 2404 177 2445 erat,
191 2403 281 2439 mutatio
296 2403 401 2445 quaedam
415 2403 472 2438 tacta
486 2412 532 2438 esse
546 2401 614 2445 dehet,
629 2413 683 2445 quae
699 2413 747 2439 oum
763 2392 806 2438 non
820 2402 889 2444 possit
904 2412 948 2438 esse

127 2474 147 2508 in
160 2473 210 2515 Deo,
224 2473 245 2508 in
260 2477 356 2510 creatura
370 2473 464 2509 inveniri
478 2473 547 2510 dehet.
560 2473 617 2510 Haec
630 2473 718 2510 mutatio
732 2474 754 2509 in
767 2476 841 2511 nostro
855 2484 904 2510 casu
919 2474 949 2509 est
