1952 3093
390 26 498 64 ..11-

35 150 62 188 sit
77 146 191 191 epistulam
210 155 283 188 «quae
301 145 404 182 tractoria
423 145 509 188 dicitur,
526 156 568 189 qua
586 144 703 183 Caelestius
722 145 863 189 Pelagiusque

36 218 131 259 damnati
144 220 200 260 sunt,
211 227 266 260 quae
279 219 299 254 et
313 216 524 261 Constantinopolim
536 220 557 254 et
569 228 608 261 per
621 219 689 255 totum
702 216 777 254 orbem
789 216 862 260 missa,

35 290 232 335 subscriptionibus
250 293 374 327 sanctorum
390 294 476 333 patrum
495 294 526 327 est
543 290 663 328 roborata»
673 293 697 327 1⁸.

85 364 127 401 Sed
141 364 165 400 18
182 363 280 406 episcopi
295 362 369 399 Italiae
384 363 567 407 subscriptionem
583 365 721 407 negaverunt,
737 364 795 400 inter
810 373 863 407 quos

34 437 176 476 lulianus
204 434 404 479 Eclanensis‚
429 436 466 480 qui
492 435 572 473 abhinc
598 438 662 480 caput
685 439 717 472 est
739 434 864 478 Pelagiano-

36 521 81 548 rum
90 513 114 545 ¹⁹.
133 507 263 552 Augustinus
283 519 332 545 cum
352 509 493 552 comperisset
513 520 535 545 se
555 509 613 552 apud
632 507 742 545 Valerium
762 507 864 546 comitem

36 585 124 628 propter
137 581 259 618 doctrinam
272 582 298 618 de
310 581 449 619 matrimonio
462 581 598 619 diffamatum
611 592 663 623 esse,
676 580 772 624 primum
783 580 864 618 librum

36 655 105 693 eidem
118 666 128 690 «
136 654 167 691 De
179 653 261 697 nuptiis
272 658 292 691 et
302 654 499 697 concupiscentia»
511 653 576 698 misit,
588 665 644 692 anno
655 654 700 691 41⁴9.
714 653 793 691 Contra
805 653 863 690 hunc

36 728 114 765 librum
140 726 237 763 Iulianus
257 726 346 770 scripsit
365 727 442 764 Libros
469 729 569 771 quattuor
590 728 617 764 ad
637 726 780 763 Turbantium
812 725 864 768 (epi-

37 810 126 843 scopum
142 810 192 837 suae
208 798 318 841 factionis)
327 803 351 837 ²⁰.

55 886 56 889 ¹
89 871 211 909 Bonifatius
224 871 234 907 I
247 872 371 914 papaduas
386 873 488 915 epistulas
502 883 555 915 quas
571 872 667 908 lulianus
683 872 779 916 alteram,
795 874 818 907 ut
834 871 865 907 di-

37 945 130 988 cebatur,
147 944 237 982 Romam
254 944 281 981 ad
298 945 390 982 asseclas
407 956 463 988 suos,
481 945 568 981 alteram
587 945 614 982 ad
631 944 711 981 Rufum
728 942 865 981 Thessaloni-

37 1026 122 1053 censem
148 1016 274 1060 episcopum
294 1017 387 1060 miserat,
406 1016 525 1061 Augustino
545 1016 671 1053 refutandos
698 1027 738 1059 per
762 1015 865 1060 Alypium

37 1088 211 1131 communicavit,
226 1089 264 1132 qui
279 1088 369 1132 Alypius
386 1089 449 1125 simul
466 1091 567 1131 excerpta
583 1088 655 1132 operis
671 1088 751 1124 Iuliani
767 1088 796 1124 ad-
810 1087 863 1124 Tur-

38 1161 134 1199 bantium
149 1160 225 1198 attulit.
240 1161 296 1198 Hinc
312 1160 443 1205 Augustinus
459 1164 560 1206 quattuor
575 1161 643 1199 libros
661 1160 749 1204 scripsit
766 1159 866 1198 «Contra

39 1233 90 1270 duas
109 1233 212 1276 epistulas
231 1233 395 1277 Pelagianorum
404 1246 414 1269 »
424 1238 440 1259 21
461 1237 481 1271 et
499 1236 575 1270 contra
595 1244 649 1277 opus
668 1233 748 1269 Iuliani
767 1233 795 1270 ad
813 1232 865 1269 Tur-

37 1305 134 1342 bantium
151 1306 270 1343 secundum
285 1317 346 1343 suum
361 1305 441 1343 librum
457 1319 467 1342 «
476 1307 507 1342 De
523 1306 606 1349 nuptiis
623 1310 643 1343 et
660 1305 865 1349 concupiscentia».

38 1377 152 1422 Postquam
168 1388 219 1415 vero
234 1389 288 1421 opus
303 1379 382 1416 Iuliani
398 1379 505 1422 integrum
522 1378 613 1423 accepit,
630 1389 667 1415 sex
683 1377 751 1415 libros
767 1376 866 1415 «Contra

38 1449 165 1487 lulianum»
193 1451 346 1494 composuit22.
367 1450 400 1487 Ad
420 1450 539 1487 secundum
566 1450 647 1488 librum
674 1449 788 1493 Augustini
817 1461 827 1485 «
835 1450 866 1486 De

39 1523 120 1565 nuptiis
136 1525 156 1560 et
170 1523 367 1566 concupiscentia»
382 1523 478 1560 Iulianus
494 1526 542 1560 octo
557 1522 620 1560 libris
636 1523 663 1560 ad
677 1522 764 1559 Florum
778 1533 866 1566 respon-

38 1593 68 1630 dit
84 1593 231 1637 (4.21-422).1n
245 1594 366 1632 refutandis
378 1595 413 1631 his
425 1595 488 1632 libris
501 1594 633 1638 Augustinus
646 1595 729 1633 ultimis
741 1596 798 1632 vitae
813 1605 862 1631 suae

39 1666 101 1703 annis
122 1669 239 1711 occupatus
259 1671 311 1711 erat,
332 1670 425 1705 attamen
446 1679 500 1711 opus
521 1679 582 1705 suum
602 1667 707 1711 perficere
726 1679 770 1705 non
789 1667 866 1711 potuit,

38 1738 95 1781 quod
111 1739 204 1782 proinde
221 1742 310 1776 vocatur
327 1739 405 1783 «Opus
422 1740 574 1783 imperfectum
592 1744 667 1777 contra
684 1740 811 1776 Iulianum»
830 1751 867 1776 sex

39 1809 101 1847 libris
117 1814 218 1849 constans
226 1814 250 1850 2³.

40 1907 184 1914 --——-—-

86 1971 103 1993 18
116 1969 190 2001 Marius
204 1969 304 2008 Mercator,
319 1969 504 2007 Commonitorium,
518 1979 559 2007 cap.
573 1969 593 2008 3;
609 1970 642 2002 ML
657 1969 685 2005 48,
699 1969 720 2001 90
735 1980 750 2001 s.

88 2032 105 2054 1⁹
118 2029 146 2062 De
158 2029 237 2068 Pelagio
249 2020 383 2063 nuntiusnon
394 2029 479 2062 habetur
490 2033 535 2069 post
548 2030 591 2069 41&
606 2030 715 2063 Caelestius
728 2018 869 2063 Constantino:

39 2088 101 2126 polim
114 2099 203 2123 reversus
217 2092 246 2122 est
260 2089 327 2129 ibique
340 2089 419 2122 videtur
431 2093 521 2123 mortuus
536 2100 587 2129 esse;
601 2094 647 2130 post
660 2083 734 2123 annum
747 2090 781 2124 429
794 2091 867 2123 notitia

40 2147 62 2180 de
75 2149 118 2188 ipso
131 2160 171 2183 non
184 2151 224 2183 iam
234 2149 326 2183 hahetur.

88 2214 105 2235 ²⁰
118 2211 235 2250 Fragmenta
250 2211 310 2244 huius
325 2212 389 2251 operis
406 2212 535 2245 inveniuntur
552 2214 604 2252 apud
620 2224 634 2246 s.
651 2212 783 2252 Augustinum
800 2202 868 2246 «Con->

41 2271 70 2301 tra
88 2270 212 2304 Iulianum».
230 2272 301 2305 Omnia
316 2272 454 2311 complectitur
470 2273 576 2313 Bruckner,
592 2274 628 2306 Die
643 2273 686 2306 vier
701 2273 777 2306 Biicher
792 2273 868 2307 Iulians

41 2338 78 2361 von
91 2330 198 2364 Aeclanum
211 2342 235 2365 an
248 2332 375 2371 Turbamus,
388 2333 511 2372 einueitrag
523 2345 558 2366 zur
569 2334 726 2367 Charakteristilr
739 2335 815 2368 Iulians
828 2336 868 2367 und

42 2388 154 2429 Augustins.
168 2393 220 2425 Neue
235 2393 315 2426 Studien
329 2404 364 2426 zur
378 2394 492 2427 Geschichte
506 2395 540 2427 der
552 2395 656 2434 Theologie
670 2396 710 2428 und
724 2397 757 2428 der
770 2396 839 2428 Kirchc
852 2396 868 2434 8,

41 2449 106 2484 Berlin
120 2452 172 2486 1910.

86 2515 105 2536 ²1
118 2512 152 2545 ML
164 2513 192 2553 44,
206 2513 246 2546 550,

88 2575 105 2597 22
118 2573 152 2606 ML
166 2574 195 2614 44,
209 2574 249 2608 641.

91 2635 108 2658 ²³
121 2634 154 2666 ML
170 2635 198 2673 45,
214 2635 266 2668 1049.
283 2633 356 2669 In'hoc
373 2647 430 2676 opere
446 2641 511 2671 textus
527 2649 605 2678 quoque
621 2649 654 2672 sex
669 2640 758 2677 priorum
773 2640 869 2672 librorum
912 2638 913 2642 ’

44 2689 116 2724 iuliani
131 2694 236 2728 invenitur.
